2910 4936
769 279 794 352 2

228 481 399 560 pressimus.
441 479 496 542 Est
520 480 597 540 enim
625 479 697 542 haec
726 483 805 543 notio
837 481 968 545 omnium
998 481 1201 544 attributorum
1225 483 1338 544 ratione

227 568 320 643 prima
339 569 369 626 et
384 566 466 644 quasi
488 562 552 624 lons
569 568 598 626 et
616 567 696 644 origo
712 567 853 627 omnium.
895 564 1024 626 Plurima
1039 564 1240 642 theologorum
1259 583 1338 643 pars,

225 648 280 710 Dei
300 651 431 709 naturam
450 645 599 719 definiens,
620 667 672 710 ens
685 647 927 725 perfectissimum
947 650 1085 721 nominat,
1107 665 1193 725 quam
1217 650 1338 727 quidem

227 732 383 795 dictionem
402 731 454 792 etsi
467 748 524 791 non
537 730 621 807 plane
631 731 789 810 rejicimus,
805 738 951 793 tamenne
969 735 1088 794 omnino
1102 732 1337 810 comprobemus,

225 815 326 877 multis
347 812 506 878 rationibus
526 813 722 892 prohibemur.
763 815 818 877 Est
836 815 912 876 enim
930 815 1060 876 omnium
1080 815 1198 894 quidem
1214 833 1339 893 concep-

225 899 358 970 tionum,
390 913 463 976 quas
483 896 609 958 humana
626 899 711 959 me'ns
728 896 854 961 formare
873 901 987 976 potest,
1010 902 1165 976 conceptus
1180 900 1254 959 eutis
1270 901 1339 958 uni·

226 981 459 1052 versatissimus,
489 980 539 1042 sed
562 999 620 1059 quo
638 981 829 1043 universalior
843 987 872 1044 et
891 982 1077 1050 abstractior,
1113 998 1150 1042 eo
1176 979 1337 1042 obscurior.

225 1065 256 1127 Si
277 1083 329 1126 ens
343 1063 468 1142 logicum
491 1068 520 1124 et
535 1061 687 1126 formalem
707 1069 879 1144 conceptum
895 1065 1011 1136 dixeris,
1033 1063 1113 1124 nulla
1133 1065 1188 1141 ipsi
1206 1067 1250 1126 vis
1264 1063 1337 1126 sub-

227 1152 281 1218 est,
303 1165 399 1225 neque
418 1147 577 1228 quidquam
594 1148 710 1220 dixisti3
735 1149 760 1209 si
777 1147 886 1210 realem
902 1145 950 1208 vel
965 1146 1217 1226 metaphysicum,
1250 1151 1279 1207 et
1296 1149 1337 1206 ita

227 1230 347 1310 quidem
376 1230 450 1292 hanc
478 1231 627 1292 notionem
659 1233 790 1292 omnium
829 1233 1039 1310 proprietatum
1071 1231 1243 1309 principium
1271 1247 1338 1291 esse

229 1331 314 1392 nego.
356 1313 409 1374 Vel
427 1317 504 1376 enirn
527 1331 564 1375 eo
581 1314 661 1375 Deus
680 1313 825 1392 persuetus
841 1321 903 1387 est,
934 1314 1013 1392 quod
1045 1313 1203 1392 perfectum
1219 1332 1268 1374 cns
1282 1318 1337 1386 est,

225 1397 274 1458 vel
290 1414 334 1466 eo,
357 1397 434 1476 quod
455 1415 508 1458 ens
525 1395 750 1474 perfectionibus
773 1403 817 1458 est
836 1397 1008 1477 praeditum,
1031 1414 1114 1477 qnae
1129 1395 1165 1456 ab
1188 1399 1252 1474 ipso
1269 1401 1339 1457 sunt

225 1479 366 1541 diversae.
410 1479 440 1542 Si
458 1480 549 1554 illud,
572 1481 650 1560 quud
668 1482 777 1541 rectius
794 1481 850 1540 dici
869 1483 972 1559 potest,
994 1499 1052 1542 nou
1066 1478 1166 1552 habes,
1189 1480 1338 1559 quomodo

224 1581 260 1624 ex
285 1568 352 1624 ente
377 1562 570 1642 perfectiones
597 1563 744 1637 deducas;
773 1569 817 1624 est
836 1566 914 1623 enirn
935 1581 987 1623 ens
1007 1565 1085 1624 notio
1102 1562 1337 1641 simplicissima;

224 1647 334 1708 sivero
360 1665 412 1708 ens
428 1651 458 1708 et
475 1645 666 1726 perfectiones
682 1648 843 1724 distinguis,
866 1647 999 1725 quamvis
1032 1645 1192 1708 formaliter
1211 1649 1336 1718 tantum,

223 1730 399 1808 principium
416 1730 466 1791 tibi
487 1729 686 1808 quaerendum
703 1734 756 1802 est,
778 1747 891 1809 exque
913 1727 1105 1808 proficiscitur
1124 1729 1336 1806 perfectionum

226 1832 365 1875 numerus
382 1819 412 1874 et
428 1813 602 1874 distributio.
644 1815 684 1875 Et
712 1815 737 1874 si
756 1817 853 1874 contra
876 1811 999 1874 dixeris:
1028 1811 1243 1891 Metaphysicos
1265 1829 1338 1873 con-

222 1900 309 1976 ceptu
332 1898 407 1958 entis
422 1896 594 1970 bonitatem,
609 1897 760 1958 veritatem
779 1901 808 1957 et
823 1895 984 1956 realitatern
998 1892 1245 1976 ¹)comprehendi
1259 1895 1338 1956 affir-

221 1997 322 2048 mare,
350 1979 447 2053 vides,
483 1978 530 2040 vel
547 1983 577 2040 et
592 1981 660 2041 istas
679 1982 810 2041 notiones
833 1979 932 2040 inanes
949 1997 1033 2051 esse,
1066 1979 1133 2048 vel,
1152 1981 1198 2038 ιι1
1220 1979 1335 2064 penitus

222 2060 435 2140 intelligantur,
467 2063 591 2141 Spiritus
624 2064 771 2125 notionem
799 2079 963 2139 exposcere.
1006 2026 1037 2123 Sl
1062 2080 1133 2124 aero
1150 2057 1245 2123 Deum
1268 2079 1337 2139 per-

92 2189 102 2202 .
222 2144 412 2206 fectissimum
431 2145 570 2224 Spiritum
590 2148 806 2220 nominaveris,
841 2144 1081 2222 perfectissimum
1100 2163 1225 2216 nomeu,
1257 2145 1338 2224 quud

222 2227 302 2289 illius
325 2232 443 2290 naturae
464 2231 591 2289 maxime
612 2247 772 2291 consonum
795 2230 848 2302 sit,
871 2229 926 2306 ipsi
951 2230 1122 2304 imposuisti.
1166 2189 1242 2288 Narh
1266 2246 1335 2306 per-

221 2310 323 2372 tectior
339 2315 383 2372 est
401 2313 543 2384 existens,
566 2330 653 2400 quarn
676 2331 747 2384 ens,
776 2312 897 2384 vivens,
895 2329 1018 2390 quam
1034 2313 1178 2385 existens,
1207 2313 1340 2389 spiritus,

221 2411 311 2473 quarn
341 2395 460 2469 vivens,
469 2413 583 2472 neque
593 2387 839 2456 conclusionibus
865 2383 934 2454 curn
951 2393 1091 2456 Auselmo
1107 2394 1222 2455 efficere
1240 2393 1340 2468 debes,

220 2477 304 2558 illum
328 2479 467 2546 existere,
497 2480 633 2579 quoniam
668 2497 719 2540 ens
747 2476 997 2556 perfectissimum
1041 2477 1165 2555 Spiritus
1187 2479 1263 2538 enim
1287 2478 1342 2539 de·

222 2563 418 2623 nominatione
444 2579 511 2622 eum
533 2564 562 2621 in
579 2579 612 2622 se
627 2565 657 2622 et
677 2577 730 2638 per
750 2579 783 2622 se
799 2560 956 2621 subsistere
969 2565 998 2622 et
1018 2561 1121 2634 simul,
1143 2561 1290 2624 viventem
1307 2579 1342 2622 se

221 2644 328 2722 ipsum,
361 2649 394 2705 ut
414 2644 543 2723 loquitur
563 2645 592 2706 S.
611 2644 791 2724 Augustinus
803 2640 838 2729 ²),
860 2646 948 2704 vitam
964 2662 1050 2721 agere
1067 2643 1341 2705 immarcescibilem

221 2727 401 2801 indicamus3
421 2732 465 2800 et,
508 2745 575 2789 cum
592 2731 696 2789 veritas
717 2729 747 2788 in
767 2746 803 2789 eo
820 2730 946 2788 maxime
971 2727 1120 2800 consistat,
1142 2732 1175 2789 ut
1191 2727 1344 2804 conceptio

221 2829 289 2874 cunr
321 2812 363 2874 rei
384 2816 486 2874 natura
511 2812 548 2874 sit
569 2828 715 2890 congrua,
749 2812 900 2872 verissime
921 2811 957 2873 de
975 2809 1038 2873 Deo
1059 2812 1180 2888 spiritns
1201 2809 1345 2872 vocabulo

221 2898 351 2969 utimur,
373 2913 432 2974 quo
446 2895 591 2972 impavide
608 2898 650 2956 uti
667 2895 749 2968 licet,
771 2912 905 2972 quamvis
915 2893 996 2954 Deus
1013 2893 1190 2957 intellectum
1209 2899 1344 2956 nostrum

220 2978 306 3057 longe
321 2941 460 3053 elsedat,
482 2981 568 3052 etsrt
588 2983 647 3041 uta
659 2977 831 3056 quibusdam
845 2979 953 3040 dictum
972 2979 1031 3052 est,
1046 2975 1165 3039 simul'
1145 2973 1344 3059 υπερούσιος

220 3060 289 3124 ot
268 3058 587 3144 carepnavsnpoivoxoe.
630 3059 704 3122 Nam
725 3079 793 3120 oum
811 3079 875 3122 esse
891 3055 984 3121 Danaa
1006 3023 1036 3120 el
1061 3059 1204 3142 Spiritum
1219 3058 1345 3138 aequale

220 3146 278 3220 sit,
299 3163 367 3208 cum
383 3144 590 3222 spiritualitate
611 3149 640 3205 et
660 3145 805 3207 Deitatem
819 3145 995 3222 expressisti.
1028 3143 1091 3205 Hoc
1122 3147 1199 3206 enirn
1222 3145 1347 3204 interest

219 3230 296 3290 inter
328 3229 478 3290 hominem
498 3232 527 3289 et
539 3227 654 3301 Deum
676 3229 754 3306 quod
775 3228 822 3291 hic
843 3227 967 3306 Spiritus
988 3229 1051 3296 est,
1084 3226 1172 3288 homo
1199 3225 1345 3303 Spiritum

220 3310 325 3383 habet,
356 3311 412 3373 hoc
430 3315 504 3372 inter
520 3311 647 3388 Angelos
678 3311 833 3386 etllenm,
868 3312 944 3389 quod
960 3310 1137 3388 Angelorum
1163 3311 1344 3372 essentiam

220 3395 330 3473 Spiritu
349 3397 500 3494 consistit,
520 3393 712 3471 Spiritualitas
725 3401 822 3474 antem
841 3393 895 3456 Dei
916 3395 1096 3468 inessentia,
1122 3412 1190 3454 oum
1208 3396 1245 3454 sit
1259 3393 1344 3454 Deus

221 3481 303 3541 nctus
332 3479 506 3557 purissimus
531 3481 560 3537 et
575 3475 829 3556 simplicissimus,
861 3481 894 3540 ut
923 3477 1071 3557 praeclare
1097 3476 1266 3539 scholastici
1295 3477 1343 3538 lo-

183 3579 185 3584 ’
243 3568 362 3625 nuntur.

222 3581 242 3644 q
304 3645 457 3708 Praeterea
478 3647 589 3716 omnia,
618 3661 694 3723 quae
711 3647 803 3718 ratio,
825 3649 857 3706 ut
879 3644 1112 3744 quaedamuotio
1129 3621 1222 3722 prima
1242 3647 1345 3721 syste-

220 3731 306 3791 matis
323 3733 370 3801 sit,
399 3730 538 3827 exposcit,
557 3727 628 3792 huic
649 3729 759 3790 nomini
782 3729 939 3790 convenire
959 3731 1071 3789 certum
1088 3732 1142 3789 est
1184 3727 1237 3788 Est
1260 3727 1344 3788 enirn

220 3815 348 3891 primunr
383 3811 559 3890 principium
583 3813 746 3887 ιιιαιινὶιιὶι,
784 3830 838 3873 sen
864 3811 1023 3873 substantia
1051 3815 1081 3871 et
1107 3811 1343 3883 fundamentum,

220 3897 267 3958 cui
291 3898 388 3958 omnia
409 3894 546 3957 attributa
578 3893 730 3958 inhaerent
761 3899 791 3957 et
811 3894 894 3973 cujus
910 3897 1019 3956 cnihte
1042 3897 1139 3958 nnrnia
1163 3893 1343 3972 colliguntur

220 3983 251 4041 et
274 3977 580 4056 comprehendentem
614 3981 682 4042 dein
705 3997 801 4058 neque
820 3981 995 4058 principium
1015 3979 1139 4057 suamab
1171 3977 1222 4038 tibi
1247 3975 1343 4057 deest,

256 4152 283 4223 1)
300 4152 574 4216 Animadvertendum,
590 4155 616 4208 8.
632 4157 783 4209 Boaovcnt.
808 4155 1010 4220 nievernum
1032 4168 1053 4208 c.
1074 4156 1121 4208 vi.
1137 4170 1163 4222 p.
1181 4156 1223 4206 11
1241 4156 1334 4207 innn-

219 4251 292 4304 ιιιι.
311 4244 418 4298 veritate
438 4248 464 4294 et
485 4243 600 4296 bonitate
613 4245 729 4308 cuiusvis
755 4245 800 4305 rei,
829 4257 894 4308 quas
909 4227 1027 4298 notiones
1049 4241 1204 4340 Aristoteles
1228 4245 1342 4311 primnis

221 4331 319 4397 posuit,
337 4329 381 4382 88.
399 4327 534 4382 Trinitatis
552 4330 752 4386 similitudinem
768 4332 889 4389 invenire.

258 4417 286 4484 1)
307 4417 380 4476 Cant.
401 4415 453 4476 111,
471 4415 498 4468 d.
515 4429 542 4470 n.
561 4414 604 4468 10.
