<?xml version="1.0" encoding="UTF-8"?>
<!DOCTYPE html PUBLIC "-//W3C//DTD XHTML 1.0 Transitional//EN"
    "http://www.w3.org/TR/xhtml1/DTD/xhtml1-transitional.dtd">
<html xmlns="http://www.w3.org/1999/xhtml" xml:lang="en" lang="en">
 <head>
  <title>
</title>
<meta http-equiv="Content-Type" content="text/html;charset=utf-8" />
  <meta name='ocr-system' content='tesseract 3.04.00' />
  <meta name='ocr-capabilities' content='ocr_page ocr_carea ocr_par ocr_line ocrx_word'/>
</head>
<body>
  <div class='ocr_page' id='page_1' title='image "./denominibusspir00busegoog_0026.png"; bbox 0 0 2910 4936; ppageno 0'>
   <div class='ocr_carea' id='block_1_1' title="bbox 658 243 704 317">
    <p class='ocr_par' dir='ltr' id='par_1_1' title="bbox 658 243 704 317">
     <span class='ocr_line' id='line_1_1' title="bbox 658 243 704 317; baseline -0.022 0"><span class='ocrx_word' id='word_1_1' title='bbox 658 243 704 317; x_wconf 78' lang='lat' dir='ltr'><strong>id</strong></span> 
     </span>
    </p>
   </div>
   <div class='ocr_carea' id='block_1_2' title="bbox 127 438 1239 3186">
    <p class='ocr_par' dir='ltr' id='par_1_2' title="bbox 127 438 1235 1355">
     <span class='ocr_line' id='line_1_2' title="bbox 128 438 1232 526; baseline -0.004 -20"><span class='ocrx_word' id='word_1_2' title='bbox 128 445 269 516; x_wconf 67' lang='grc' dir='ltr'><strong>κεῖσθαι</strong></span> <span class='ocrx_word' id='word_1_3' title='bbox 282 443 418 516; x_wconf 74' lang='grc' dir='ltr'><strong>οἰκείοις</strong></span> <span class='ocrx_word' id='word_1_4' title='bbox 429 443 490 518; x_wconf 61' lang='grc' dir='ltr'><strong>τήν</strong></span> <span class='ocrx_word' id='word_1_5' title='bbox 502 441 633 526; x_wconf 70' lang='lat' dir='ltr'><strong>decede·</strong></span> <span class='ocrx_word' id='word_1_6' title='bbox 651 443 692 506; x_wconf 83' lang='grc' dir='ltr'><strong>τὸ</strong></span> <span class='ocrx_word' id='word_1_7' title='bbox 703 439 766 526; x_wconf 70' lang='grc' dir='ltr'><strong>γάρ</strong></span> <span class='ocrx_word' id='word_1_8' title='bbox 778 441 903 524; x_wconf 78' lang='grc' dir='ltr'><strong>πέρασι</strong></span> <span class='ocrx_word' id='word_1_9' title='bbox 917 438 1232 522; x_wconf 75' lang='grc' dir='ltr'><strong>διαλαμβανόμενον</strong></span> 
     </span>
     <span class='ocr_line' id='line_1_3' title="bbox 128 521 1232 614; baseline -0.005 -22"><span class='ocrx_word' id='word_1_10' title='bbox 128 525 187 592; x_wconf 81' lang='grc' dir='ltr'><strong>οὔκ</strong></span> <span class='ocrx_word' id='word_1_11' title='bbox 208 530 303 591; x_wconf 78' lang='grc' dir='ltr'><strong>ἐστιν</strong></span> <span class='ocrx_word' id='word_1_12' title='bbox 316 526 424 614; x_wconf 74' lang='lat' dir='ltr'><strong>clpecrl.</strong></span> <span class='ocrx_word' id='word_1_13' title='bbox 444 527 544 610; x_wconf 78' lang='grc' dir='ltr'><em>ἁρετὴ</em></span> <span class='ocrx_word' id='word_1_14' title='bbox 562 525 757 601; x_wconf 70' lang='lat' dir='ltr'><strong>diethardo,</strong></span> <span class='ocrx_word' id='word_1_15' title='bbox 778 525 972 608; x_wconf 62' lang='lat' dir='ltr'><strong>&amp;tripectora</strong></span> <span class='ocrx_word' id='word_1_16' title='bbox 987 525 1043 586; x_wconf 80' lang='grc' dir='ltr'><strong>καὶ</strong></span> <span class='ocrx_word' id='word_1_17' title='bbox 1061 521 1232 605; x_wconf 76' lang='grc' dir='ltr'><strong>ἀόριστον,</strong></span> 
     </span>
     <span class='ocr_line' id='line_1_4' title="bbox 127 603 1233 774; baseline -0.006 -20"><span class='ocrx_word' id='word_1_18' title='bbox 127 695 326 774; x_wconf 63' lang='grc' dir='ltr'>φ</span> <span class='ocrx_word' id='word_1_19' title='bbox 340 611 398 758; x_wconf 74' lang='lat' dir='ltr'><strong>ti</strong></span> <span class='ocrx_word' id='word_1_20' title='bbox 415 603 1233 770; x_wconf 60' lang='lat' dir='ltr'><strong>eteicinatalitiariumaa</strong></span> 
     </span>
     <span class='ocr_line' id='line_1_5' title="bbox 127 713 1234 882; baseline -0.004 -46"><span class='ocrx_word' id='word_1_21' title='bbox 127 777 226 878; x_wconf 57' lang='lat' dir='ltr'><strong>{deig</strong></span> <span class='ocrx_word' id='word_1_22' title='bbox 250 717 394 879; x_wconf 49' lang='lat' dir='ltr'><strong>r‘rsshtppgsr</strong></span> <span class='ocrx_word' id='word_1_23' title='bbox 413 778 435 882; x_wconf 66' lang='grc' dir='ltr'><strong>1ἡ</strong></span> <span class='ocrx_word' id='word_1_24' title='bbox 456 716 627 857; x_wconf 58' lang='lat' dir='ltr'><strong>helprices</strong></span> <span class='ocrx_word' id='word_1_25' title='bbox 647 715 772 878; x_wconf 64' lang='lat' dir='ltr'><strong>hiperi·</strong></span> <span class='ocrx_word' id='word_1_26' title='bbox 797 713 874 878; x_wconf 55' lang='lat' dir='ltr'><strong>{arel</strong></span> <span class='ocrx_word' id='word_1_27' title='bbox 898 772 957 877; x_wconf 61' lang='lat' dir='ltr'><strong>ode</strong></span> <span class='ocrx_word' id='word_1_28' title='bbox 983 772 1089 847; x_wconf 78' lang='grc' dir='ltr'><em>οὐδεὶς</em></span> <span class='ocrx_word' id='word_1_29' title='bbox 1116 771 1234 870; x_wconf 51' lang='grc' dir='ltr'><strong><em>ἀρετῆς</em></strong></span> 
     </span>
     <span class='ocr_line' id='line_1_6' title="bbox 129 853 1234 1022; baseline -0.005 -20"><span class='ocrx_word' id='word_1_30' title='bbox 129 859 475 1006; x_wconf 59' lang='lat' dir='ltr'><strong>tradidisti</strong></span> <span class='ocrx_word' id='word_1_31' title='bbox 490 853 1144 1022; x_wconf 52' lang='lat' dir='ltr'><strong>{tt‘liil‘lssiiw‘isllitllli‘llulf</strong></span> <span class='ocrx_word' id='word_1_32' title='bbox 1162 877 1234 1004; x_wconf 70' lang='lat' dir='ltr'><strong>itt</strong></span> 
     </span>
     <span class='ocr_line' id='line_1_7' title="bbox 127 1016 1234 1098; baseline -0.002 -14"><span class='ocrx_word' id='word_1_33' title='bbox 127 1025 275 1086; x_wconf 89' lang='lat' dir='ltr'><strong>invenitur</strong></span> <span class='ocrx_word' id='word_1_34' title='bbox 295 1029 324 1087; x_wconf 92' lang='lat' dir='ltr'><strong>in</strong></span> <span class='ocrx_word' id='word_1_35' title='bbox 343 1026 425 1088; x_wconf 91' lang='lat' dir='ltr'><strong>coelo</strong></span> <span class='ocrx_word' id='word_1_36' title='bbox 443 1030 473 1086; x_wconf 92' lang='lat' dir='ltr'><strong>et</strong></span> <span class='ocrx_word' id='word_1_37' title='bbox 499 1026 639 1098; x_wconf 89' lang='lat' dir='ltr'><strong>interra,</strong></span> <span class='ocrx_word' id='word_1_38' title='bbox 660 1025 708 1086; x_wconf 93' lang='lat' dir='ltr'><strong>cui</strong></span> <span class='ocrx_word' id='word_1_39' title='bbox 730 1027 775 1086; x_wconf 91' lang='lat' dir='ltr'><strong>sui</strong></span> <span class='ocrx_word' id='word_1_40' title='bbox 795 1025 972 1087; x_wconf 86' lang='lat' dir='ltr'><strong>contrarium</strong></span> <span class='ocrx_word' id='word_1_41' title='bbox 994 1043 1051 1084; x_wconf 93' lang='lat' dir='ltr'><strong>nou</strong></span> <span class='ocrx_word' id='word_1_42' title='bbox 1071 1016 1234 1091; x_wconf 65' lang='lat' dir='ltr'><strong>inhaeream</strong></span> 
     </span>
     <span class='ocr_line' id='line_1_8' title="bbox 128 1100 1235 1186; baseline -0.004 -18"><span class='ocrx_word' id='word_1_43' title='bbox 128 1111 157 1168; x_wconf 89' lang='lat' dir='ltr'><strong>et</strong></span> <span class='ocrx_word' id='word_1_44' title='bbox 173 1110 212 1169; x_wconf 90' lang='lat' dir='ltr'><strong>ita</strong></span> <span class='ocrx_word' id='word_1_45' title='bbox 228 1106 278 1169; x_wconf 85' lang='lat' dir='ltr'><strong>ille</strong></span> <span class='ocrx_word' id='word_1_46' title='bbox 292 1107 441 1171; x_wconf 83' lang='lat' dir='ltr'>Christum</span> <span class='ocrx_word' id='word_1_47' title='bbox 459 1126 527 1170; x_wconf 89' lang='lat' dir='ltr'><strong>cum</strong></span> <span class='ocrx_word' id='word_1_48' title='bbox 544 1107 634 1172; x_wconf 92' lang='lat' dir='ltr'><strong>Belial</strong></span> <span class='ocrx_word' id='word_1_49' title='bbox 649 1109 750 1170; x_wconf 89' lang='lat' dir='ltr'><strong>intima</strong></span> <span class='ocrx_word' id='word_1_50' title='bbox 767 1109 937 1182; x_wconf 84' lang='lat' dir='ltr'><strong>necessitate</strong></span> <span class='ocrx_word' id='word_1_51' title='bbox 951 1101 1117 1186; x_wconf 87' lang='lat' dir='ltr'><strong>conjungit.)</strong></span> <span class='ocrx_word' id='word_1_52' title='bbox 1141 1100 1179 1162; x_wconf 90' lang='lat' dir='ltr'><strong>‘O</strong></span> <span class='ocrx_word' id='word_1_53' title='bbox 1198 1101 1235 1164; x_wconf 76' lang='grc' dir='ltr'><strong>δὲ</strong></span> 
     </span>
     <span class='ocr_line' id='line_1_9' title="bbox 127 1185 1234 1273; baseline -0.004 -23"><span class='ocrx_word' id='word_1_54' title='bbox 127 1187 190 1260; x_wconf 76' lang='grc' dir='ltr'><strong>τὴν</strong></span> <span class='ocrx_word' id='word_1_55' title='bbox 210 1189 331 1273; x_wconf 75' lang='grc' dir='ltr'><strong><em>ἀρετὴν</em></strong></span> <span class='ocrx_word' id='word_1_56' title='bbox 352 1189 474 1272; x_wconf 78' lang='grc' dir='ltr'><strong>μετιὼν</strong></span> <span class='ocrx_word' id='word_1_57' title='bbox 492 1187 627 1262; x_wconf 78' lang='grc' dir='ltr'><strong><em>πάντως</em></strong></span> <span class='ocrx_word' id='word_1_58' title='bbox 653 1189 741 1254; x_wconf 80' lang='grc' dir='ltr'><strong>Θεοῦ</strong></span> <span class='ocrx_word' id='word_1_59' title='bbox 759 1187 817 1250; x_wconf 79' lang='grc' dir='ltr'><strong>καὶ</strong></span> <span class='ocrx_word' id='word_1_60' title='bbox 836 1187 938 1262; x_wconf 77' lang='grc' dir='ltr'>αὐτὸς</span> <span class='ocrx_word' id='word_1_61' title='bbox 956 1187 1109 1270; x_wconf 79' lang='grc' dir='ltr'><em>μετέχει·</em></span> <span class='ocrx_word' id='word_1_62' title='bbox 1132 1185 1234 1261; x_wconf 81' lang='grc' dir='ltr'><strong><em>αὐτὸς</em></strong></span> 
     </span>
     <span class='ocr_line' id='line_1_10' title="bbox 127 1269 1107 1355; baseline 0 -25"><span class='ocrx_word' id='word_1_63' title='bbox 127 1270 191 1354; x_wconf 71' lang='lat' dir='ltr'><strong>peip</strong></span> <span class='ocrx_word' id='word_1_64' title='bbox 208 1273 353 1355; x_wconf 79' lang='grc' dir='ltr'><strong>ὑπάρχει</strong></span> <span class='ocrx_word' id='word_1_65' title='bbox 367 1271 533 1346; x_wconf 79' lang='grc' dir='ltr'><strong><em>παντελὴς</em></strong></span> <span class='ocrx_word' id='word_1_66' title='bbox 551 1271 668 1352; x_wconf 78' lang='grc' dir='ltr'><strong><em>ἀρετή·</em></strong></span> <span class='ocrx_word' id='word_1_67' title='bbox 685 1275 789 1334; x_wconf 80' lang='grc' dir='ltr'><strong>τοῦτο</strong></span> <span class='ocrx_word' id='word_1_68' title='bbox 806 1269 842 1333; x_wconf 80' lang='grc' dir='ltr'><strong>δὲ</strong></span> <span class='ocrx_word' id='word_1_69' title='bbox 859 1271 935 1354; x_wconf 77' lang='grc' dir='ltr'><strong>ὅρον</strong></span> <span class='ocrx_word' id='word_1_70' title='bbox 951 1273 1010 1333; x_wconf 80' lang='grc' dir='ltr'><strong>οὐκ</strong></span> <span class='ocrx_word' id='word_1_71' title='bbox 1028 1271 1107 1354; x_wconf 77' lang='grc' dir='ltr'><strong>ἔχει.</strong></span> 
     </span>
    </p>

    <p class='ocr_par' dir='ltr' id='par_1_3' title="bbox 127 1353 1239 2935">
     <span class='ocr_line' id='line_1_11' title="bbox 215 1353 1236 1437; baseline 0 -23"><span class='ocrx_word' id='word_1_72' title='bbox 215 1353 277 1418; x_wconf 89' lang='lat' dir='ltr'><strong>Nos</strong></span> <span class='ocrx_word' id='word_1_73' title='bbox 297 1375 413 1436; x_wconf 87' lang='lat' dir='ltr'><strong>quoque</strong></span> <span class='ocrx_word' id='word_1_74' title='bbox 429 1356 501 1418; x_wconf 91' lang='lat' dir='ltr'><strong>nihil</strong></span> <span class='ocrx_word' id='word_1_75' title='bbox 515 1360 669 1437; x_wconf 81' lang='lat' dir='ltr'><strong>pretiosius</strong></span> <span class='ocrx_word' id='word_1_76' title='bbox 684 1358 857 1428; x_wconf 83' lang='lat' dir='ltr'>invenimus,</span> <span class='ocrx_word' id='word_1_77' title='bbox 880 1375 938 1436; x_wconf 86' lang='lat' dir='ltr'><strong>quo</strong></span> <span class='ocrx_word' id='word_1_78' title='bbox 954 1356 1049 1424; x_wconf 83' lang='lat' dir='ltr'><strong>Deum</strong></span> <span class='ocrx_word' id='word_1_79' title='bbox 1068 1353 1236 1434; x_wconf 88' lang='lat' dir='ltr'><strong>praedicare</strong></span> 
     </span>
     <span class='ocr_line' id='line_1_12' title="bbox 131 1436 1236 1520; baseline -0.002 -20"><span class='ocrx_word' id='word_1_80' title='bbox 131 1439 292 1518; x_wconf 87' lang='lat' dir='ltr'><strong>possimus,</strong></span> <span class='ocrx_word' id='word_1_81' title='bbox 314 1440 369 1502; x_wconf 89' lang='lat' dir='ltr'><strong>uisi</strong></span> <span class='ocrx_word' id='word_1_82' title='bbox 388 1444 419 1500; x_wconf 94' lang='lat' dir='ltr'><strong>ut</strong></span> <span class='ocrx_word' id='word_1_83' title='bbox 435 1445 566 1502; x_wconf 85' lang='lat' dir='ltr'><strong>sanctum</strong></span> <span class='ocrx_word' id='word_1_84' title='bbox 590 1439 782 1520; x_wconf 80' lang='lat' dir='ltr'><strong>appellemus.</strong></span> <span class='ocrx_word' id='word_1_85' title='bbox 824 1437 982 1516; x_wconf 78' lang='lat' dir='ltr'>Quodlibet</span> <span class='ocrx_word' id='word_1_86' title='bbox 1010 1438 1092 1506; x_wconf 76' lang='lat' dir='ltr'><strong>,aliud</strong></span> <span class='ocrx_word' id='word_1_87' title='bbox 1117 1436 1236 1504; x_wconf 83' lang='lat' dir='ltr'><strong>interius</strong></span> 
     </span>
     <span class='ocr_line' id='line_1_13' title="bbox 133 1519 1235 1602; baseline -0.002 -20"><span class='ocrx_word' id='word_1_88' title='bbox 133 1519 213 1596; x_wconf 91' lang='lat' dir='ltr'><strong>Deo,</strong></span> <span class='ocrx_word' id='word_1_89' title='bbox 242 1521 361 1588; x_wconf 88' lang='lat' dir='ltr'><strong>interius</strong></span> <span class='ocrx_word' id='word_1_90' title='bbox 380 1528 424 1584; x_wconf 88' lang='lat' dir='ltr'><strong>est</strong></span> <span class='ocrx_word' id='word_1_91' title='bbox 446 1522 573 1584; x_wconf 89' lang='lat' dir='ltr'><strong>Domino</strong></span> <span class='ocrx_word' id='word_1_92' title='bbox 590 1523 635 1597; x_wconf 84' lang='lat'><strong>¹),</strong></span> <span class='ocrx_word' id='word_1_93' title='bbox 657 1527 687 1584; x_wconf 92' lang='lat' dir='ltr'><strong>et</strong></span> <span class='ocrx_word' id='word_1_94' title='bbox 706 1523 837 1586; x_wconf 91' lang='lat' dir='ltr'><strong>omnium</strong></span> <span class='ocrx_word' id='word_1_95' title='bbox 856 1523 1062 1602; x_wconf 67' lang='lat' dir='ltr'><strong>perfectionum</strong></span> <span class='ocrx_word' id='word_1_96' title='bbox 1084 1539 1235 1594; x_wconf 78' lang='lat' dir='ltr'><strong>comanam,</strong></span> 
     </span>
     <span class='ocr_line' id='line_1_14' title="bbox 128 1603 1236 1686; baseline -0.003 -22"><span class='ocrx_word' id='word_1_97' title='bbox 128 1606 158 1664; x_wconf 92' lang='lat' dir='ltr'><strong>in</strong></span> <span class='ocrx_word' id='word_1_98' title='bbox 180 1610 321 1684; x_wconf 87' lang='lat' dir='ltr'><strong>quantum</strong></span> <span class='ocrx_word' id='word_1_99' title='bbox 335 1608 475 1668; x_wconf 79' lang='lat' dir='ltr'>creaturis</span> <span class='ocrx_word' id='word_1_100' title='bbox 488 1611 629 1686; x_wconf 87' lang='lat' dir='ltr'><strong>apparet,</strong></span> <span class='ocrx_word' id='word_1_101' title='bbox 662 1607 803 1669; x_wconf 74' lang='lat' dir='ltr'><strong>sanctitati</strong></span> <span class='ocrx_word' id='word_1_102' title='bbox 827 1604 1035 1685; x_wconf 81' lang='lat' dir='ltr'><strong>comprehendi</strong></span> <span class='ocrx_word' id='word_1_103' title='bbox 1053 1603 1236 1669; x_wconf 81' lang='lat' dir='ltr'><strong>arbitramur.</strong></span> 
     </span>
     <span class='ocr_line' id='line_1_15' title="bbox 127 1685 1238 1770; baseline -0.001 -23"><span class='ocrx_word' id='word_1_104' title='bbox 127 1685 209 1748; x_wconf 90' lang='lat' dir='ltr'><strong>Sicut</strong></span> <span class='ocrx_word' id='word_1_105' title='bbox 225 1687 413 1766; x_wconf 83' lang='lat' dir='ltr'><strong>pulchritudo</strong></span> <span class='ocrx_word' id='word_1_106' title='bbox 438 1707 496 1750; x_wconf 94' lang='lat' dir='ltr'><strong>non</strong></span> <span class='ocrx_word' id='word_1_107' title='bbox 511 1693 556 1750; x_wconf 90' lang='lat' dir='ltr'><strong>est</strong></span> <span class='ocrx_word' id='word_1_108' title='bbox 575 1691 671 1768; x_wconf 87' lang='lat' dir='ltr'><strong>aliqua</strong></span> <span class='ocrx_word' id='word_1_109' title='bbox 693 1690 815 1770; x_wconf 89' lang='lat' dir='ltr'><strong>qualitas</strong></span> <span class='ocrx_word' id='word_1_110' title='bbox 829 1689 960 1752; x_wconf 89' lang='lat' dir='ltr'><strong>absoluta</strong></span> <span class='ocrx_word' id='word_1_111' title='bbox 981 1690 1010 1748; x_wconf 95' lang='lat' dir='ltr'><strong>in</strong></span> <span class='ocrx_word' id='word_1_112' title='bbox 1031 1707 1153 1765; x_wconf 91' lang='lat' dir='ltr'><strong>corpore</strong></span> <span class='ocrx_word' id='word_1_113' title='bbox 1172 1685 1238 1764; x_wconf 92' lang='lat' dir='ltr'><strong>pul·</strong></span> 
     </span>
     <span class='ocr_line' id='line_1_16' title="bbox 127 1767 1237 1852; baseline -0.002 -21"><span class='ocrx_word' id='word_1_114' title='bbox 127 1769 216 1844; x_wconf 90' lang='lat' dir='ltr'><strong>chro,</strong></span> <span class='ocrx_word' id='word_1_115' title='bbox 239 1771 291 1832; x_wconf 89' lang='lat' dir='ltr'><strong>sed</strong></span> <span class='ocrx_word' id='word_1_116' title='bbox 312 1773 474 1852; x_wconf 79' lang='lat' dir='ltr'><strong>aggregatio</strong></span> <span class='ocrx_word' id='word_1_117' title='bbox 496 1775 628 1834; x_wconf 92' lang='lat' dir='ltr'><strong>omnium</strong></span> <span class='ocrx_word' id='word_1_118' title='bbox 647 1774 879 1836; x_wconf 80' lang='lat' dir='ltr'><strong>convenientium</strong></span> <span class='ocrx_word' id='word_1_119' title='bbox 899 1771 948 1834; x_wconf 91' lang='lat' dir='ltr'><strong>tali</strong></span> <span class='ocrx_word' id='word_1_120' title='bbox 966 1772 1095 1851; x_wconf 87' lang='lat' dir='ltr'><strong>corpori,</strong></span> <span class='ocrx_word' id='word_1_121' title='bbox 1125 1767 1237 1832; x_wconf 88' lang='lat' dir='ltr'><strong>scilieet</strong></span> 
     </span>
     <span class='ocr_line' id='line_1_17' title="bbox 127 1853 1236 1934; baseline -0.002 -20"><span class='ocrx_word' id='word_1_122' title='bbox 127 1854 342 1934; x_wconf 77' lang='lat' dir='ltr'><strong>magnitudinis,</strong></span> <span class='ocrx_word' id='word_1_123' title='bbox 364 1853 475 1934; x_wconf 85' lang='lat' dir='ltr'><strong>figurae</strong></span> <span class='ocrx_word' id='word_1_124' title='bbox 493 1861 523 1916; x_wconf 89' lang='lat' dir='ltr'><strong>et</strong></span> <span class='ocrx_word' id='word_1_125' title='bbox 537 1857 641 1918; x_wconf 89' lang='lat' dir='ltr'><strong>coloris</strong></span> <span class='ocrx_word' id='word_1_126' title='bbox 664 1861 693 1917; x_wconf 90' lang='lat' dir='ltr'><strong>et</strong></span> <span class='ocrx_word' id='word_1_127' title='bbox 710 1857 873 1934; x_wconf 79' lang='lat' dir='ltr'><strong>aggregatio</strong></span> <span class='ocrx_word' id='word_1_128' title='bbox 888 1858 1020 1934; x_wconf 75' lang='lat' dir='ltr'><strong>omnium</strong></span> <span class='ocrx_word' id='word_1_129' title='bbox 1041 1857 1236 1934; x_wconf 88' lang='lat' dir='ltr'><strong>respectuum,</strong></span> 
     </span>
     <span class='ocr_line' id='line_1_18' title="bbox 128 1934 1237 2016; baseline -0.001 -19"><span class='ocrx_word' id='word_1_130' title='bbox 128 1939 177 2015; x_wconf 88' lang='lat' dir='ltr'><strong>qui</strong></span> <span class='ocrx_word' id='word_1_131' title='bbox 195 1941 263 1998; x_wconf 90' lang='lat' dir='ltr'><strong>sunt</strong></span> <span class='ocrx_word' id='word_1_132' title='bbox 278 1939 401 1999; x_wconf 89' lang='lat' dir='ltr'><strong>istorum</strong></span> <span class='ocrx_word' id='word_1_133' title='bbox 417 1939 453 1998; x_wconf 91' lang='lat' dir='ltr'><strong>ad</strong></span> <span class='ocrx_word' id='word_1_134' title='bbox 470 1957 576 2016; x_wconf 90' lang='lat' dir='ltr'><strong>corpus</strong></span> <span class='ocrx_word' id='word_1_135' title='bbox 592 1943 622 1999; x_wconf 91' lang='lat' dir='ltr'><strong>et</strong></span> <span class='ocrx_word' id='word_1_136' title='bbox 645 1940 681 2000; x_wconf 91' lang='lat' dir='ltr'><strong>ad</strong></span> <span class='ocrx_word' id='word_1_137' title='bbox 702 1958 734 2000; x_wconf 89' lang='lat' dir='ltr'><strong>se</strong></span> <span class='ocrx_word' id='word_1_138' title='bbox 752 1940 898 2010; x_wconf 74' lang='lat' dir='ltr'><strong>inuicemr</strong></span> <span class='ocrx_word' id='word_1_139' title='bbox 930 1941 969 2003; x_wconf 88' lang='lat' dir='ltr'><strong>ita</strong></span> <span class='ocrx_word' id='word_1_140' title='bbox 984 1937 1096 2001; x_wconf 87' lang='lat' dir='ltr'><strong>bonitas</strong></span> <span class='ocrx_word' id='word_1_141' title='bbox 1118 1934 1237 1998; x_wconf 88' lang='lat' dir='ltr'><strong>moralis</strong></span> 
     </span>
     <span class='ocr_line' id='line_1_19' title="bbox 132 2021 1237 2100; baseline -0.002 -21"><span class='ocrx_word' id='word_1_142' title='bbox 132 2025 213 2081; x_wconf 91' lang='lat' dir='ltr'><strong>actus</strong></span> <span class='ocrx_word' id='word_1_143' title='bbox 232 2026 276 2082; x_wconf 88' lang='lat' dir='ltr'><strong>est</strong></span> <span class='ocrx_word' id='word_1_144' title='bbox 294 2021 376 2099; x_wconf 89' lang='lat' dir='ltr'><strong>quasi</strong></span> <span class='ocrx_word' id='word_1_145' title='bbox 399 2023 516 2100; x_wconf 90' lang='lat' dir='ltr'><strong>quidam</strong></span> <span class='ocrx_word' id='word_1_146' title='bbox 537 2024 624 2084; x_wconf 89' lang='lat' dir='ltr'><strong>decor</strong></span> <span class='ocrx_word' id='word_1_147' title='bbox 635 2022 713 2084; x_wconf 87' lang='lat' dir='ltr'><strong>illius</strong></span> <span class='ocrx_word' id='word_1_148' title='bbox 730 2026 819 2092; x_wconf 90' lang='lat' dir='ltr'><strong>actus,</strong></span> <span class='ocrx_word' id='word_1_149' title='bbox 841 2022 990 2083; x_wconf 91' lang='lat' dir='ltr'><strong>includens</strong></span> <span class='ocrx_word' id='word_1_150' title='bbox 1005 2021 1237 2100; x_wconf 83' lang='lat' dir='ltr'><strong>aggregationem</strong></span> 
     </span>
     <span class='ocr_line' id='line_1_20' title="bbox 133 2101 1237 2185; baseline 0 -23"><span class='ocrx_word' id='word_1_151' title='bbox 133 2101 248 2163; x_wconf 89' lang='lat' dir='ltr'><strong>debitae</strong></span> <span class='ocrx_word' id='word_1_152' title='bbox 269 2105 465 2182; x_wconf 86' lang='lat' dir='ltr'><strong>proportionis</strong></span> <span class='ocrx_word' id='word_1_153' title='bbox 482 2103 518 2166; x_wconf 90' lang='lat' dir='ltr'><strong>ad</strong></span> <span class='ocrx_word' id='word_1_154' title='bbox 538 2107 644 2178; x_wconf 91' lang='lat' dir='ltr'><strong>omnia,</strong></span> <span class='ocrx_word' id='word_1_155' title='bbox 666 2105 700 2166; x_wconf 92' lang='lat' dir='ltr'><strong>ad</strong></span> <span class='ocrx_word' id='word_1_156' title='bbox 721 2122 796 2183; x_wconf 90' lang='lat' dir='ltr'><strong>quae</strong></span> <span class='ocrx_word' id='word_1_157' title='bbox 815 2103 901 2166; x_wconf 93' lang='lat' dir='ltr'><strong>debet</strong></span> <span class='ocrx_word' id='word_1_158' title='bbox 917 2109 999 2168; x_wconf 90' lang='lat' dir='ltr'><strong>actus</strong></span> <span class='ocrx_word' id='word_1_159' title='bbox 1017 2102 1237 2185; x_wconf 90' lang='lat' dir='ltr'><strong>proportionari‚</strong></span> 
     </span>
     <span class='ocr_line' id='line_1_21' title="bbox 129 2184 1239 2268; baseline -0.005 -18"><span class='ocrx_word' id='word_1_160' title='bbox 129 2184 240 2250; x_wconf 86' lang='lat' dir='ltr'><strong>scilicet</strong></span> <span class='ocrx_word' id='word_1_161' title='bbox 256 2187 293 2248; x_wconf 88' lang='lat' dir='ltr'><strong>ad</strong></span> <span class='ocrx_word' id='word_1_162' title='bbox 315 2191 494 2265; x_wconf 86' lang='lat' dir='ltr'><strong>potentiam,</strong></span> <span class='ocrx_word' id='word_1_163' title='bbox 515 2189 552 2250; x_wconf 91' lang='lat' dir='ltr'><strong>ad</strong></span> <span class='ocrx_word' id='word_1_164' title='bbox 572 2187 731 2266; x_wconf 85' lang='lat' dir='ltr'><strong>objectum,</strong></span> <span class='ocrx_word' id='word_1_165' title='bbox 753 2188 790 2250; x_wconf 90' lang='lat' dir='ltr'><strong>ad</strong></span> <span class='ocrx_word' id='word_1_166' title='bbox 809 2193 945 2268; x_wconf 87' lang='lat' dir='ltr'><strong>tempus,</strong></span> <span class='ocrx_word' id='word_1_167' title='bbox 967 2189 1003 2253; x_wconf 90' lang='lat' dir='ltr'><strong>ad</strong></span> <span class='ocrx_word' id='word_1_168' title='bbox 1020 2185 1117 2262; x_wconf 83' lang='lat' dir='ltr'><strong>tinem,</strong></span> <span class='ocrx_word' id='word_1_169' title='bbox 1138 2186 1174 2248; x_wconf 91' lang='lat' dir='ltr'><strong>ad</strong></span> <span class='ocrx_word' id='word_1_170' title='bbox 1195 2187 1239 2246; x_wconf 90' lang='lat' dir='ltr'><strong>lo-</strong></span> 
     </span>
     <span class='ocr_line' id='line_1_22' title="bbox 130 2269 1237 2350; baseline 0 -21"><span class='ocrx_word' id='word_1_171' title='bbox 130 2287 207 2346; x_wconf 87' lang='lat' dir='ltr'><strong>cum,</strong></span> <span class='ocrx_word' id='word_1_172' title='bbox 229 2269 417 2345; x_wconf 90' lang='lat' dir='ltr'><strong>admodum,</strong></span> <span class='ocrx_word' id='word_1_173' title='bbox 439 2275 468 2331; x_wconf 89' lang='lat' dir='ltr'><strong>et</strong></span> <span class='ocrx_word' id='word_1_174' title='bbox 489 2269 543 2332; x_wconf 90' lang='lat' dir='ltr'><strong>hoc</strong></span> <span class='ocrx_word' id='word_1_175' title='bbox 563 2271 726 2350; x_wconf 82' lang='lat' dir='ltr'><strong>specialiter</strong></span> <span class='ocrx_word' id='word_1_176' title='bbox 740 2315 757 2343; x_wconf 59' lang='grc'><strong>,»</strong></span> <span class='ocrx_word' id='word_1_177' title='bbox 769 2276 802 2332; x_wconf 87' lang='lat' dir='ltr'><strong>ut</strong></span> <span class='ocrx_word' id='word_1_178' title='bbox 819 2272 874 2334; x_wconf 90' lang='lat' dir='ltr'><strong>ista</strong></span> <span class='ocrx_word' id='word_1_179' title='bbox 893 2273 1025 2333; x_wconf 90' lang='lat' dir='ltr'><strong>dicantur</strong></span> <span class='ocrx_word' id='word_1_180' title='bbox 1047 2291 1064 2332; x_wconf 90' lang='lat' dir='ltr'><strong>a</strong></span> <span class='ocrx_word' id='word_1_181' title='bbox 1090 2275 1167 2334; x_wconf 91' lang='lat' dir='ltr'><strong>recta</strong></span> <span class='ocrx_word' id='word_1_182' title='bbox 1191 2286 1237 2330; x_wconf 86' lang='lat' dir='ltr'><strong>ra·</strong></span> 
     </span>
     <span class='ocr_line' id='line_1_23' title="bbox 130 2351 1237 2429; baseline 0.001 -16"><span class='ocrx_word' id='word_1_183' title='bbox 130 2353 209 2414; x_wconf 90' lang='lat' dir='ltr'><strong>tione</strong></span> <span class='ocrx_word' id='word_1_184' title='bbox 229 2352 335 2415; x_wconf 89' lang='lat' dir='ltr'><strong>dehere</strong></span> <span class='ocrx_word' id='word_1_185' title='bbox 352 2355 507 2417; x_wconf 88' lang='lat' dir='ltr'><strong>convenire</strong></span> <span class='ocrx_word' id='word_1_186' title='bbox 528 2356 611 2421; x_wconf 85' lang='lat' dir='ltr'><strong>actui.</strong></span> <span class='ocrx_word' id='word_1_187' title='bbox 656 2357 698 2416; x_wconf 88' lang='lat' dir='ltr'><strong>lta</strong></span> <span class='ocrx_word' id='word_1_188' title='bbox 713 2351 851 2428; x_wconf 87' lang='lat' dir='ltr'><strong>Scotus²)</strong></span> <span class='ocrx_word' id='word_1_189' title='bbox 874 2356 909 2416; x_wconf 90' lang='lat' dir='ltr'><strong>de</strong></span> <span class='ocrx_word' id='word_1_190' title='bbox 931 2355 1007 2416; x_wconf 94' lang='lat' dir='ltr'><strong>bono</strong></span> <span class='ocrx_word' id='word_1_191' title='bbox 1030 2359 1113 2429; x_wconf 88' lang='lat' dir='ltr'><strong>actu;</strong></span> <span class='ocrx_word' id='word_1_192' title='bbox 1136 2354 1237 2414; x_wconf 90' lang='lat' dir='ltr'><strong>eadem</strong></span> 
     </span>
     <span class='ocr_line' id='line_1_24' title="bbox 132 2435 1238 2516; baseline 0.002 -20"><span class='ocrx_word' id='word_1_193' title='bbox 132 2435 169 2496; x_wconf 92' lang='lat' dir='ltr'><strong>de</strong></span> <span class='ocrx_word' id='word_1_194' title='bbox 189 2437 339 2498; x_wconf 86' lang='lat' dir='ltr'><strong>sanctitate</strong></span> <span class='ocrx_word' id='word_1_195' title='bbox 353 2439 415 2516; x_wconf 88' lang='lat' dir='ltr'><strong>ipsa</strong></span> <span class='ocrx_word' id='word_1_196' title='bbox 437 2438 493 2498; x_wconf 91' lang='lat' dir='ltr'><strong>dici</strong></span> <span class='ocrx_word' id='word_1_197' title='bbox 515 2442 656 2516; x_wconf 90' lang='lat' dir='ltr'><strong>possunt,</strong></span> <span class='ocrx_word' id='word_1_198' title='bbox 685 2456 751 2498; x_wconf 88' lang='lat' dir='ltr'><strong>esse</strong></span> <span class='ocrx_word' id='word_1_199' title='bbox 772 2437 852 2498; x_wconf 91' lang='lat' dir='ltr'><strong>illam</strong></span> <span class='ocrx_word' id='word_1_200' title='bbox 874 2440 1005 2500; x_wconf 91' lang='lat' dir='ltr'><strong>omnium</strong></span> <span class='ocrx_word' id='word_1_201' title='bbox 1027 2437 1238 2514; x_wconf 81' lang='lat' dir='ltr'><strong>perfectionum</strong></span> 
     </span>
     <span class='ocr_line' id='line_1_25' title="bbox 131 2517 1239 2598; baseline -0.004 -17"><span class='ocrx_word' id='word_1_202' title='bbox 131 2517 296 2581; x_wconf 85' lang='lat' dir='ltr'><strong>divinarum</strong></span> <span class='ocrx_word' id='word_1_203' title='bbox 318 2523 399 2598; x_wconf 89' lang='lat' dir='ltr'><strong>quasi</strong></span> <span class='ocrx_word' id='word_1_204' title='bbox 421 2521 506 2598; x_wconf 77' lang='lat' dir='ltr'><strong>tcpcm</strong></span> <span class='ocrx_word' id='word_1_205' title='bbox 529 2525 558 2580; x_wconf 91' lang='lat' dir='ltr'><strong>et</strong></span> <span class='ocrx_word' id='word_1_206' title='bbox 578 2522 709 2582; x_wconf 83' lang='lat' dir='ltr'><strong>ordinem</strong></span> <span class='ocrx_word' id='word_1_207' title='bbox 730 2525 759 2582; x_wconf 90' lang='lat' dir='ltr'><strong>et</strong></span> <span class='ocrx_word' id='word_1_208' title='bbox 779 2539 883 2583; x_wconf 89' lang='lat' dir='ltr'><strong>omnes</strong></span> <span class='ocrx_word' id='word_1_209' title='bbox 903 2521 1063 2592; x_wconf 88' lang='lat' dir='ltr'><strong>includere,</strong></span> <span class='ocrx_word' id='word_1_210' title='bbox 1080 2523 1142 2582; x_wconf 89' lang='lat' dir='ltr'><strong>sive</strong></span> <span class='ocrx_word' id='word_1_211' title='bbox 1163 2522 1239 2579; x_wconf 90' lang='lat' dir='ltr'><strong>inter</strong></span> 
     </span>
     <span class='ocr_line' id='line_1_26' title="bbox 129 2599 1238 2684; baseline -0.002 -22"><span class='ocrx_word' id='word_1_212' title='bbox 129 2620 180 2673; x_wconf 84' lang='lat' dir='ltr'><strong>se,</strong></span> <span class='ocrx_word' id='word_1_213' title='bbox 212 2602 274 2663; x_wconf 87' lang='lat' dir='ltr'><strong>sire</strong></span> <span class='ocrx_word' id='word_1_214' title='bbox 294 2621 360 2664; x_wconf 92' lang='lat' dir='ltr'><strong>cum</strong></span> <span class='ocrx_word' id='word_1_215' title='bbox 382 2603 471 2664; x_wconf 90' lang='lat' dir='ltr'><strong>rebus</strong></span> <span class='ocrx_word' id='word_1_216' title='bbox 499 2605 603 2678; x_wconf 86' lang='lat' dir='ltr'><strong>creatis</strong></span> <span class='ocrx_word' id='word_1_217' title='bbox 635 2603 804 2666; x_wconf 86' lang='lat' dir='ltr'><strong>contuleris.</strong></span> <span class='ocrx_word' id='word_1_218' title='bbox 844 2602 1002 2684; x_wconf 89' lang='lat' dir='ltr'><strong>Propterea</strong></span> <span class='ocrx_word' id='word_1_219' title='bbox 1022 2601 1174 2681; x_wconf 83' lang='lat' dir='ltr'><strong>Seraphim</strong></span> <span class='ocrx_word' id='word_1_220' title='bbox 1196 2599 1238 2663; x_wconf 93' lang='lat' dir='ltr'><strong>illi</strong></span> 
     </span>
     <span class='ocr_line' id='line_1_27' title="bbox 130 2686 1237 2758; baseline 0 -12"><span class='ocrx_word' id='word_1_221' title='bbox 130 2701 230 2746; x_wconf 90' lang='lat' dir='ltr'><strong>amore</strong></span> <span class='ocrx_word' id='word_1_222' title='bbox 246 2687 384 2746; x_wconf 74' lang='lat' dir='ltr'><strong>‘ardentes</strong></span> <span class='ocrx_word' id='word_1_223' title='bbox 404 2686 567 2748; x_wconf 90' lang='lat' dir='ltr'><strong>clamabant</strong></span> <span class='ocrx_word' id='word_1_224' title='bbox 586 2687 659 2758; x_wconf 83' lang='lat' dir='ltr'><strong>alter</strong></span> <span class='ocrx_word' id='word_1_225' title='bbox 679 2687 716 2748; x_wconf 90' lang='lat' dir='ltr'><strong>ad</strong></span> <span class='ocrx_word' id='word_1_226' title='bbox 736 2686 861 2749; x_wconf 86' lang='lat' dir='ltr'><strong>alterum</strong></span> <span class='ocrx_word' id='word_1_227' title='bbox 884 2691 914 2748; x_wconf 93' lang='lat' dir='ltr'><strong>et</strong></span> <span class='ocrx_word' id='word_1_228' title='bbox 935 2688 1084 2750; x_wconf 84' lang='lat' dir='ltr'><strong>dicebaut=</strong></span> <span class='ocrx_word' id='word_1_229' title='bbox 1106 2686 1237 2755; x_wconf 84' lang='lat' dir='ltr'><strong>Sanctus,</strong></span> 
     </span>
     <span class='ocr_line' id='line_1_28' title="bbox 129 2767 1239 2850; baseline 0.003 -20"><span class='ocrx_word' id='word_1_230' title='bbox 129 2767 278 2842; x_wconf 87' lang='lat' dir='ltr'><strong>Sanctus,</strong></span> <span class='ocrx_word' id='word_1_231' title='bbox 309 2769 449 2845; x_wconf 89' lang='lat' dir='ltr'><strong>Sanctus,</strong></span> <span class='ocrx_word' id='word_1_232' title='bbox 477 2771 619 2832; x_wconf 87' lang='lat' dir='ltr'><strong>Dominus</strong></span> <span class='ocrx_word' id='word_1_233' title='bbox 647 2769 728 2832; x_wconf 89' lang='lat' dir='ltr'><strong>Deus</strong></span> <span class='ocrx_word' id='word_1_234' title='bbox 750 2771 953 2846; x_wconf 80' lang='lat' dir='ltr'><strong>exercituum,</strong></span> <span class='ocrx_word' id='word_1_235' title='bbox 973 2767 1059 2850; x_wconf 89' lang='lat' dir='ltr'><strong>plena</strong></span> <span class='ocrx_word' id='word_1_236' title='bbox 1078 2775 1123 2832; x_wconf 89' lang='lat' dir='ltr'><strong>est</strong></span> <span class='ocrx_word' id='word_1_237' title='bbox 1143 2769 1239 2833; x_wconf 81' lang='lat' dir='ltr'><strong>omnis</strong></span> 
     </span>
     <span class='ocr_line' id='line_1_29' title="bbox 130 2849 1015 2935; baseline -0.002 -23"><span class='ocrx_word' id='word_1_238' title='bbox 130 2856 207 2914; x_wconf 92' lang='lat' dir='ltr'><strong>terra</strong></span> <span class='ocrx_word' id='word_1_239' title='bbox 228 2851 320 2928; x_wconf 85' lang='lat' dir='ltr'><strong>gloria</strong></span> <span class='ocrx_word' id='word_1_240' title='bbox 341 2851 413 2934; x_wconf 86' lang='lat' dir='ltr'><strong>ejus.</strong></span> <span class='ocrx_word' id='word_1_241' title='bbox 456 2849 515 2914; x_wconf 82' lang='lat' dir='ltr'><strong>les.</strong></span> <span class='ocrx_word' id='word_1_242' title='bbox 539 2853 589 2926; x_wconf 91' lang='lat' dir='ltr'><strong>Vl,</strong></span> <span class='ocrx_word' id='word_1_243' title='bbox 610 2851 639 2918; x_wconf 80' lang='grc'><strong>3.</strong></span> <span class='ocrx_word' id='word_1_244' title='bbox 662 2852 699 2914; x_wconf 87' lang='lat' dir='ltr'><strong>ci.</strong></span> <span class='ocrx_word' id='word_1_245' title='bbox 720 2855 813 2932; x_wconf 88' lang='lat' dir='ltr'><strong>Apoc.</strong></span> <span class='ocrx_word' id='word_1_246' title='bbox 837 2854 915 2926; x_wconf 88' lang='lat' dir='ltr'><strong>Vlll,</strong></span> <span class='ocrx_word' id='word_1_247' title='bbox 937 2853 968 2916; x_wconf 87' lang='grc'><strong>8.</strong></span> <span class='ocrx_word' id='word_1_248' title='bbox 981 2851 1015 2935; x_wconf 78' lang='lat'><strong>³).</strong></span> 
     </span>
    </p>

    <p class='ocr_par' dir='ltr' id='par_1_4' title="bbox 129 2933 1238 3186">
     <span class='ocr_line' id='line_1_30' title="bbox 214 2933 1238 3016; baseline -0.001 -20"><span class='ocrx_word' id='word_1_249' title='bbox 214 2933 265 2996; x_wconf 91' lang='lat' dir='ltr'><strong>lV.</strong></span> <span class='ocrx_word' id='word_1_250' title='bbox 288 2937 368 2998; x_wconf 88' lang='lat' dir='ltr'><strong>luter</strong></span> <span class='ocrx_word' id='word_1_251' title='bbox 389 2935 444 2996; x_wconf 93' lang='lat' dir='ltr'><strong>hos</strong></span> <span class='ocrx_word' id='word_1_252' title='bbox 465 2935 647 3014; x_wconf 82' lang='lat' dir='ltr'><strong>Angelorum</strong></span> <span class='ocrx_word' id='word_1_253' title='bbox 669 2941 772 2998; x_wconf 90' lang='lat' dir='ltr'><strong>cantus</strong></span> <span class='ocrx_word' id='word_1_254' title='bbox 794 2938 917 3016; x_wconf 81' lang='lat' dir='ltr'><strong>gradum</strong></span> <span class='ocrx_word' id='word_1_255' title='bbox 939 2937 1077 3012; x_wconf 77' lang='lat' dir='ltr'><strong>ultimum</strong></span> <span class='ocrx_word' id='word_1_256' title='bbox 1099 2933 1238 3010; x_wconf 84' lang='lat' dir='ltr'><strong>iacimus:</strong></span> 
     </span>
     <span class='ocr_line' id='line_1_31' title="bbox 129 3015 1238 3098; baseline -0.001 -19"><span class='ocrx_word' id='word_1_257' title='bbox 129 3015 185 3079; x_wconf 84' lang='lat' dir='ltr'><strong>Est</strong></span> <span class='ocrx_word' id='word_1_258' title='bbox 206 3019 331 3080; x_wconf 85' lang='lat' dir='ltr'><strong>essentia</strong></span> <span class='ocrx_word' id='word_1_259' title='bbox 353 3021 381 3078; x_wconf 88' lang='lat' dir='ltr'><strong>in</strong></span> <span class='ocrx_word' id='word_1_260' title='bbox 405 3019 501 3080; x_wconf 86' lang='lat' dir='ltr'><strong>divina</strong></span> <span class='ocrx_word' id='word_1_261' title='bbox 525 3027 628 3083; x_wconf 87' lang='lat' dir='ltr'><strong>natura</strong></span> <span class='ocrx_word' id='word_1_262' title='bbox 647 3021 874 3098; x_wconf 84' lang='lat' dir='ltr'><strong>cumqualitate</strong></span> <span class='ocrx_word' id='word_1_263' title='bbox 906 3022 1019 3084; x_wconf 89' lang='lat' dir='ltr'><strong>eadem.</strong></span> <span class='ocrx_word' id='word_1_264' title='bbox 1062 3020 1142 3092; x_wconf 85' lang='lat' dir='ltr'><strong>Deus</strong></span> <span class='ocrx_word' id='word_1_265' title='bbox 1175 3018 1238 3078; x_wconf 86' lang='lat' dir='ltr'><strong>siae</strong></span> 
     </span>
     <span class='ocr_line' id='line_1_32' title="bbox 130 3097 1236 3186; baseline 0.004 -28"><span class='ocrx_word' id='word_1_266' title='bbox 130 3099 256 3162; x_wconf 81' lang='lat' dir='ltr'><strong>bonitate</strong></span> <span class='ocrx_word' id='word_1_267' title='bbox 284 3101 388 3164; x_wconf 86' lang='lat' dir='ltr'><strong>honus.</strong></span> <span class='ocrx_word' id='word_1_268' title='bbox 440 3103 542 3180; x_wconf 87' lang='lat' dir='ltr'><strong>ltaque</strong></span> <span class='ocrx_word' id='word_1_269' title='bbox 576 3105 732 3166; x_wconf 86' lang='lat' dir='ltr'><strong>essentiam</strong></span> <span class='ocrx_word' id='word_1_270' title='bbox 763 3103 876 3166; x_wconf 88' lang='lat' dir='ltr'><strong>bonitas</strong></span> <span class='ocrx_word' id='word_1_271' title='bbox 910 3103 1000 3186; x_wconf 91' lang='lat' dir='ltr'><strong>(notio</strong></span> <span class='ocrx_word' id='word_1_272' title='bbox 1027 3097 1236 3186; x_wconf 78' lang='lat' dir='ltr'><strong>metaphysica)</strong></span> 
     </span>
    </p>
   </div>
   <div class='ocr_carea' id='block_1_3' title="bbox 128 3367 1238 3607">
    <p class='ocr_par' dir='ltr' id='par_1_5' title="bbox 128 3367 1238 3607">
     <span class='ocr_line' id='line_1_33' title="bbox 128 3367 1238 3444; baseline -0.005 -22"><span class='ocrx_word' id='word_1_273' title='bbox 128 3369 187 3422; x_wconf 77' lang='lat' dir='ltr'><strong>reni</strong></span> <span class='ocrx_word' id='word_1_274' title='bbox 207 3367 323 3432; x_wconf 82' lang='lat' dir='ltr'><strong>Gregorii</strong></span> <span class='ocrx_word' id='word_1_275' title='bbox 344 3368 424 3420; x_wconf 89' lang='lat' dir='ltr'><strong>tratre</strong></span> <span class='ocrx_word' id='word_1_276' title='bbox 445 3369 602 3434; x_wconf 87' lang='lat' dir='ltr'><strong>compositos</strong></span> <span class='ocrx_word' id='word_1_277' title='bbox 621 3381 700 3428; x_wconf 77' lang='lat' dir='ltr'><strong>esse..</strong></span> <span class='ocrx_word' id='word_1_278' title='bbox 724 3375 811 3422; x_wconf 88' lang='lat' dir='ltr'><strong>tamen</strong></span> <span class='ocrx_word' id='word_1_279' title='bbox 838 3376 867 3420; x_wconf 90' lang='lat' dir='ltr'><strong>ut</strong></span> <span class='ocrx_word' id='word_1_280' title='bbox 888 3368 939 3432; x_wconf 80' lang='lat' dir='ltr'><strong>ipsi</strong></span> <span class='ocrx_word' id='word_1_281' title='bbox 957 3368 1122 3444; x_wconf 78' lang='lat' dir='ltr'><strong>adscriham,</strong></span> <span class='ocrx_word' id='word_1_282' title='bbox 1147 3367 1238 3419; x_wconf 86' lang='lat' dir='ltr'><strong>mattis</strong></span> 
     </span>
     <span class='ocr_line' id='line_1_34' title="bbox 128 3455 1237 3524; baseline 0 -16"><span class='ocrx_word' id='word_1_283' title='bbox 128 3457 232 3508; x_wconf 85' lang='lat' dir='ltr'><strong>carresis</strong></span> <span class='ocrx_word' id='word_1_284' title='bbox 244 3457 329 3518; x_wconf 76' lang='lat' dir='ltr'><strong>risam</strong></span> <span class='ocrx_word' id='word_1_285' title='bbox 351 3467 403 3506; x_wconf 86' lang='lat' dir='ltr'><strong>aon</strong></span> <span class='ocrx_word' id='word_1_286' title='bbox 423 3455 523 3510; x_wconf 83' lang='lat' dir='ltr'><strong>teribus</strong></span> <span class='ocrx_word' id='word_1_287' title='bbox 537 3457 684 3521; x_wconf 82' lang='lat' dir='ltr'><strong>compellor.</strong></span> <span class='ocrx_word' id='word_1_288' title='bbox 720 3456 1029 3524; x_wconf 76' lang='lat' dir='ltr'><strong>ct.crtpea.1rom.xt.</strong></span> <span class='ocrx_word' id='word_1_289' title='bbox 1044 3455 1071 3506; x_wconf 88' lang='lat' dir='ltr'><strong>iu</strong></span> <span class='ocrx_word' id='word_1_290' title='bbox 1084 3457 1195 3522; x_wconf 75' lang='lat' dir='ltr'><strong>Numa.</strong></span> <span class='ocrx_word' id='word_1_291' title='bbox 1212 3456 1237 3508; x_wconf 81' lang='lat'><strong>8.</strong></span> 
     </span>
     <span class='ocr_line' id='line_1_35' title="bbox 128 3543 469 3607; baseline -0.006 -13"><span class='ocrx_word' id='word_1_292' title='bbox 128 3557 154 3607; x_wconf 92' lang='lat' dir='ltr'><strong>p.</strong></span> <span class='ocrx_word' id='word_1_293' title='bbox 171 3543 230 3594; x_wconf 81' lang='lat'><strong>31⁰.</strong></span> <span class='ocrx_word' id='word_1_294' title='bbox 249 3543 288 3593; x_wconf 87' lang='lat' dir='ltr'><strong>cd</strong></span> <span class='ocrx_word' id='word_1_295' title='bbox 310 3544 351 3596; x_wconf 84' lang='lat' dir='ltr'><strong>De</strong></span> <span class='ocrx_word' id='word_1_296' title='bbox 365 3545 469 3596; x_wconf 71' lang='lat' dir='ltr'><strong>raam.</strong></span> 
     </span>
    </p>
   </div>
   <div class='ocr_carea' id='block_1_4' title="bbox 164 3646 723 3800">
    <p class='ocr_par' dir='ltr' id='par_1_6' title="bbox 164 3646 723 3800">
     <span class='ocr_line' id='line_1_36' title="bbox 165 3646 723 3712; baseline 0.004 -14"><span class='ocrx_word' id='word_1_297' title='bbox 165 3646 191 3709; x_wconf 82' lang='lat' dir='ltr'><strong>t]</strong></span> <span class='ocrx_word' id='word_1_298' title='bbox 209 3646 233 3698; x_wconf 80' lang='lat' dir='ltr'><strong>S·</strong></span> <span class='ocrx_word' id='word_1_299' title='bbox 252 3646 372 3700; x_wconf 77' lang='lat' dir='ltr'><strong>Ambrae.</strong></span> <span class='ocrx_word' id='word_1_300' title='bbox 384 3647 475 3700; x_wconf 68' lang='lat' dir='ltr'><strong>trinit.</strong></span> <span class='ocrx_word' id='word_1_301' title='bbox 489 3647 538 3708; x_wconf 85' lang='lat'><strong>111,</strong></span> <span class='ocrx_word' id='word_1_302' title='bbox 557 3647 601 3700; x_wconf 81' lang='grc'><strong>18.</strong></span> <span class='ocrx_word' id='word_1_303' title='bbox 615 3661 640 3712; x_wconf 92' lang='lat' dir='ltr'><strong>p.</strong></span> <span class='ocrx_word' id='word_1_304' title='bbox 661 3646 723 3700; x_wconf 76' lang='lat'><strong>267.</strong></span> 
     </span>
     <span class='ocr_line' id='line_1_37' title="bbox 164 3733 582 3800; baseline 0 -16"><span class='ocrx_word' id='word_1_305' title='bbox 164 3733 192 3800; x_wconf 77' lang='lat'><strong>2)</strong></span> <span class='ocrx_word' id='word_1_306' title='bbox 210 3733 224 3784; x_wconf 93' lang='lat'>1</span> <span class='ocrx_word' id='word_1_307' title='bbox 243 3733 314 3784; x_wconf 86' lang='lat' dir='ltr'><strong>Sem.</strong></span> <span class='ocrx_word' id='word_1_308' title='bbox 333 3735 364 3784; x_wconf 81' lang='lat'><strong>1).</strong></span> <span class='ocrx_word' id='word_1_309' title='bbox 383 3734 467 3785; x_wconf 81' lang='lat' dir='ltr'><strong>xvii.</strong></span> <span class='ocrx_word' id='word_1_310' title='bbox 482 3734 514 3798; x_wconf 82' lang='lat' dir='ltr'><strong>Q.</strong></span> <span class='ocrx_word' id='word_1_311' title='bbox 533 3734 582 3784; x_wconf 89' lang='lat'><strong>111.</strong></span> 
     </span>
    </p>
   </div>
   <div class='ocr_carea' id='block_1_5' title="bbox 127 3817 1239 4340">
    <p class='ocr_par' dir='ltr' id='par_1_7' title="bbox 127 3817 1239 4340">
     <span class='ocr_line' id='line_1_38' title="bbox 164 3817 1238 3904; baseline 0.003 -23"><span class='ocrx_word' id='word_1_312' title='bbox 164 3825 192 3896; x_wconf 80' lang='lat'><strong>8)</strong></span> <span class='ocrx_word' id='word_1_313' title='bbox 209 3829 360 3882; x_wconf 85' lang='lat' dir='ltr'><strong>sanctitatis</strong></span> <span class='ocrx_word' id='word_1_314' title='bbox 371 3829 545 3879; x_wconf 85' lang='lat' dir='ltr'><strong>manitestatio</strong></span> <span class='ocrx_word' id='word_1_315' title='bbox 559 3829 638 3891; x_wconf 86' lang='lat' dir='ltr'><strong>gloria</strong></span> <span class='ocrx_word' id='word_1_316' title='bbox 652 3829 700 3880; x_wconf 84' lang='lat' dir='ltr'><strong>Dei</strong></span> <span class='ocrx_word' id='word_1_317' title='bbox 715 3821 790 3903; x_wconf 71' lang='grc' dir='ltr'>(δόξα</span> <span class='ocrx_word' id='word_1_318' title='bbox 812 3834 857 3882; x_wconf 84' lang='grc' dir='ltr'><strong>τοῦ</strong></span> <span class='ocrx_word' id='word_1_319' title='bbox 878 3817 953 3904; x_wconf 66' lang='grc' dir='ltr'>θεοῦ)</span> <span class='ocrx_word' id='word_1_320' title='bbox 973 3827 1133 3884; x_wconf 86' lang='lat' dir='ltr'><strong>nominatur:</strong></span> <span class='ocrx_word' id='word_1_321' title='bbox 1146 3827 1238 3885; x_wconf 89' lang='lat' dir='ltr'><strong>lumen</strong></span> 
     </span>
     <span class='ocr_line' id='line_1_39' title="bbox 128 3903 1239 3988; baseline -0.001 -11"><span class='ocrx_word' id='word_1_322' title='bbox 128 3927 194 3978; x_wconf 84' lang='lat' dir='ltr'><strong>uiua</strong></span> <span class='ocrx_word' id='word_1_323' title='bbox 204 3903 355 3976; x_wconf 69' lang='lat' dir='ltr'><strong>camariana</strong></span> <span class='ocrx_word' id='word_1_324' title='bbox 367 3923 380 3973; x_wconf 90' lang='lat' dir='ltr'><strong>r</strong></span> <span class='ocrx_word' id='word_1_325' title='bbox 393 3923 460 3974; x_wconf 74' lang='lat' dir='ltr'><strong>retr.</strong></span> <span class='ocrx_word' id='word_1_326' title='bbox 476 3921 511 3982; x_wconf 92' lang='lat' dir='ltr'><strong>u,</strong></span> <span class='ocrx_word' id='word_1_327' title='bbox 524 3923 550 3974; x_wconf 90' lang='lat' dir='ltr'><strong>o.</strong></span> <span class='ocrx_word' id='word_1_328' title='bbox 565 3931 591 3974; x_wconf 81' lang='grc' dir='ltr'><strong>ιι</strong></span> <span class='ocrx_word' id='word_1_329' title='bbox 604 3919 784 3976; x_wconf 76' lang='lat' dir='ltr'><strong>inaccessum</strong></span> <span class='ocrx_word' id='word_1_330' title='bbox 799 3923 811 3972; x_wconf 92' lang='lat'>1</span> <span class='ocrx_word' id='word_1_331' title='bbox 830 3921 940 3974; x_wconf 78' lang='lat' dir='ltr'><strong>ramora.</strong></span> <span class='ocrx_word' id='word_1_332' title='bbox 953 3922 1060 3981; x_wconf 87' lang='lat' dir='ltr'><strong>vr,1o.,</strong></span> <span class='ocrx_word' id='word_1_333' title='bbox 1080 3926 1148 3988; x_wconf 76' lang='lat' dir='ltr'><strong>quon</strong></span> <span class='ocrx_word' id='word_1_334' title='bbox 1162 3926 1239 3987; x_wconf 76' lang='lat' dir='ltr'><strong>neus,</strong></span> 
     </span>
     <span class='ocr_line' id='line_1_40' title="bbox 127 4007 1238 4080; baseline -0.004 -14"><span class='ocrx_word' id='word_1_335' title='bbox 127 4015 205 4066; x_wconf 86' lang='lat' dir='ltr'><strong>Pater</strong></span> <span class='ocrx_word' id='word_1_336' title='bbox 223 4014 351 4066; x_wconf 87' lang='lat' dir='ltr'><strong>luminum</strong></span> <span class='ocrx_word' id='word_1_337' title='bbox 366 4007 422 4062; x_wconf 74' lang='lat' dir='ltr'><strong>Jac-</strong></span> <span class='ocrx_word' id='word_1_338' title='bbox 435 4010 457 4069; x_wconf 87' lang='lat'><strong>1,</strong></span> <span class='ocrx_word' id='word_1_339' title='bbox 479 4009 521 4062; x_wconf 82' lang='lat'><strong>17.</strong></span> <span class='ocrx_word' id='word_1_340' title='bbox 547 4011 688 4070; x_wconf 85' lang='lat' dir='ltr'><strong>inhahitat,</strong></span> <span class='ocrx_word' id='word_1_341' title='bbox 713 4011 787 4072; x_wconf 80' lang='lat' dir='ltr'><strong>cujus</strong></span> <span class='ocrx_word' id='word_1_342' title='bbox 809 4009 905 4062; x_wconf 90' lang='lat' dir='ltr'><strong>candor</strong></span> <span class='ocrx_word' id='word_1_343' title='bbox 928 4016 1046 4080; x_wconf 85' lang='lat' dir='ltr'><strong>pastores</strong></span> <span class='ocrx_word' id='word_1_344' title='bbox 1059 4011 1238 4070; x_wconf 79' lang='lat' dir='ltr'><strong>circumfulsit,</strong></span> 
     </span>
     <span class='ocr_line' id='line_1_41' title="bbox 127 4079 1237 4168; baseline 0 -16"><span class='ocrx_word' id='word_1_345' title='bbox 127 4115 209 4168; x_wconf 77' lang='lat' dir='ltr'><strong>guum</strong></span> <span class='ocrx_word' id='word_1_346' title='bbox 230 4100 357 4155; x_wconf 82' lang='lat' dir='ltr'><strong>Dominus</strong></span> <span class='ocrx_word' id='word_1_347' title='bbox 379 4102 457 4150; x_wconf 88' lang='lat' dir='ltr'><strong>natus</strong></span> <span class='ocrx_word' id='word_1_348' title='bbox 477 4109 536 4148; x_wconf 88' lang='lat' dir='ltr'><strong>esse</strong></span> <span class='ocrx_word' id='word_1_349' title='bbox 551 4079 604 4148; x_wconf 78' lang='lat' dir='ltr'><strong>iltis</strong></span> <span class='ocrx_word' id='word_1_350' title='bbox 627 4097 659 4148; x_wconf 88' lang='lat' dir='ltr'><strong>ah</strong></span> <span class='ocrx_word' id='word_1_351' title='bbox 680 4098 788 4160; x_wconf 76' lang='lat' dir='ltr'><strong>Angelis</strong></span> <span class='ocrx_word' id='word_1_352' title='bbox 804 4097 1071 4162; x_wconf 58' lang='lat' dir='ltr'><strong>annuntiareturset</strong></span> <span class='ocrx_word' id='word_1_353' title='bbox 1087 4099 1237 4152; x_wconf 67' lang='lat' dir='ltr'><strong>Dominum.</strong></span> 
     </span>
     <span class='ocr_line' id='line_1_42' title="bbox 127 4183 1234 4260; baseline -0.004 -20"><span class='ocrx_word' id='word_1_354' title='bbox 127 4202 208 4252; x_wconf 81' lang='lat' dir='ltr'><strong>quum</strong></span> <span class='ocrx_word' id='word_1_355' title='bbox 228 4186 457 4260; x_wconf 78' lang='lat' dir='ltr'><strong>transfiguraretur.</strong></span> <span class='ocrx_word' id='word_1_356' title='bbox 483 4183 541 4236; x_wconf 86' lang='lat' dir='ltr'><strong>Hoc</strong></span> <span class='ocrx_word' id='word_1_357' title='bbox 555 4183 641 4236; x_wconf 87' lang='lat' dir='ltr'><strong>lumea</strong></span> <span class='ocrx_word' id='word_1_358' title='bbox 652 4184 684 4235; x_wconf 88' lang='lat' dir='ltr'><strong>n.</strong></span> <span class='ocrx_word' id='word_1_359' title='bbox 697 4184 808 4236; x_wconf 84' lang='lat' dir='ltr'><strong>Paulum</strong></span> <span class='ocrx_word' id='word_1_360' title='bbox 817 4185 955 4248; x_wconf 84' lang='lat' dir='ltr'><strong>prostravit</strong></span> <span class='ocrx_word' id='word_1_361' title='bbox 969 4190 994 4236; x_wconf 87' lang='lat' dir='ltr'><strong>et</strong></span> <span class='ocrx_word' id='word_1_362' title='bbox 1011 4185 1167 4240; x_wconf 78' lang='lat' dir='ltr'><strong>obcaecavit.</strong></span> <span class='ocrx_word' id='word_1_363' title='bbox 1185 4187 1234 4240; x_wconf 81' lang='lat' dir='ltr'><strong>Est</strong></span> 
     </span>
     <span class='ocr_line' id='line_1_43' title="bbox 127 4256 1238 4340; baseline -0.001 -13"><span class='ocrx_word' id='word_1_364' title='bbox 127 4274 232 4332; x_wconf 75' lang='lat' dir='ltr'><strong>cuidem</strong></span> <span class='ocrx_word' id='word_1_365' title='bbox 249 4256 337 4327; x_wconf 80' lang='lat' dir='ltr'><strong>tumen</strong></span> <span class='ocrx_word' id='word_1_366' title='bbox 355 4271 523 4336; x_wconf 87' lang='lat' dir='ltr'><strong>purissimum</strong></span> <span class='ocrx_word' id='word_1_367' title='bbox 543 4272 708 4340; x_wconf 85' lang='lat' dir='ltr'><strong>elementum.</strong></span> <span class='ocrx_word' id='word_1_368' title='bbox 734 4271 810 4338; x_wconf 85' lang='lat' dir='ltr'><strong>Hauc</strong></span> <span class='ocrx_word' id='word_1_369' title='bbox 821 4271 929 4326; x_wconf 82' lang='lat' dir='ltr'><strong>luminis</strong></span> <span class='ocrx_word' id='word_1_370' title='bbox 945 4273 1154 4330; x_wconf 76' lang='lat' dir='ltr'><strong>concamarare</strong></span> <span class='ocrx_word' id='word_1_371' title='bbox 1167 4287 1238 4328; x_wconf 51' lang='lat' dir='ltr'><strong>¹carrar-</strong></span> 
     </span>
    </p>
   </div>
   <div class='ocr_carea' id='block_1_6' title="bbox 126 4358 843 4429">
    <p class='ocr_par' dir='ltr' id='par_1_8' title="bbox 126 4358 843 4429">
     <span class='ocr_line' id='line_1_44' title="bbox 126 4358 843 4429; baseline -0.01 -14"><span class='ocrx_word' id='word_1_372' title='bbox 126 4361 286 4429; x_wconf 82' lang='lat' dir='ltr'><strong>parationem</strong></span> <span class='ocrx_word' id='word_1_373' title='bbox 302 4360 357 4423; x_wconf 85' lang='lat' dir='ltr'><strong>jam</strong></span> <span class='ocrx_word' id='word_1_374' title='bbox 377 4359 490 4416; x_wconf 85' lang='lat' dir='ltr'><strong>instituit</strong></span> <span class='ocrx_word' id='word_1_375' title='bbox 505 4358 617 4426; x_wconf 67' lang='lat' dir='ltr'><strong>mongo.</strong></span> <span class='ocrx_word' id='word_1_376' title='bbox 634 4359 730 4426; x_wconf 76' lang='lat' dir='ltr'><strong>Areop.</strong></span> <span class='ocrx_word' id='word_1_377' title='bbox 839 4399 843 4408; x_wconf 92' lang='lat'><strong>.</strong></span> 
     </span>
    </p>
   </div>
   <div class='ocr_carea' id='block_1_7' title="bbox 0 0 1464 4936">
    <p class='ocr_par' dir='ltr' id='par_1_9' title="bbox 0 0 1464 4936">
     <span class='ocr_line' id='line_1_45' title="bbox 0 0 1464 4936; baseline 0 0"><span class='ocrx_word' id='word_1_378' title='bbox 0 0 1464 4936; x_wconf 95' lang='lat' dir='ltr'><strong> </strong></span> 
     </span>
    </p>
   </div>
  </div>
 </body>
</html>
