2910 4936
673 219 726 288 tt

158 415 216 479 lius
238 419 287 480 rel
309 419 338 480 in
360 419 487 480 deterius
508 415 631 487 abimus,
654 417 759 494 etipsa
780 420 830 477 ent
849 421 957 480 amoris
976 419 1024 478 aut
1042 413 1169 494 justitiae
1189 431 1257 493 spe·

156 503 234 562 ciem
256 521 326 582 prae
369 522 400 564 se
422 501 485 572 lert,
508 502 583 561 sicut
604 501 654 561 lux
675 499 798 562 infirmis
819 500 911 564 oculis
932 517 1049 580 aspera,
1071 498 1163 560 firmis
1184 498 1258 558 lenis

155 590 208 656 est,
232 586 362 665 ipsorum
384 585 493 646 scilicet
513 583 691 655 mutatione,
722 602 779 645 non
811 602 862 668 sua
875 583 909 670 ²).
953 586 982 647 Si
1016 582 1101 660 culpa
1123 580 1256 659 depressi

153 685 169 728 a
190 668 254 730 Deo
274 687 478 741 removemur,
500 672 620 745 apparet
641 667 723 728 nobis
744 671 777 727 ul
798 685 920 748 magnus
941 673 971 728 et
991 665 1146 740 terribilis3
1169 680 1257 742 prop·

152 756 233 812 terea
259 771 329 813 cum
350 754 425 812 inter
446 749 560 828 fulgura
582 755 612 810 et
632 753 757 811 tonitrua
779 749 871 828 legem
903 755 931 812 in
953 751 1031 813 Sinai
1053 750 1134 809 deret
1153 746 1258 831 (Exod.

152 833 226 909 XX,
249 835 337 915 19.),
368 833 517 897 israelitae
540 836 685 912 perterriti
706 851 740 894 ae
761 851 868 911 pavore
888 835 1021 896 concussi
1042 830 1143 909 procul
1165 836 1258 892 stete·

154 922 230 992 runt,
253 920 382 980 dicentes
403 918 519 996 Moysi:
541 917 676 995 Loquere
697 922 728 977 tu
750 917 853 990 nobis,
884 924 914 978 et
934 919 1102 985 audiemus,
1135 932 1191 974 non
1214 913 1259 973 lo-

155 1005 262 1080 quatur
284 1003 367 1063 nobis
389 1001 541 1072 Dominus,
563 1018 600 1060 ne
622 999 695 1060 iorte
717 1003 883 1060 moriamur.
917 1000 961 1062 ct.
983 1000 1078 1061 lodic.
1100 999 1184 1066 Xlll,
1206 994 1257 1056 22.

154 1089 184 1145 et
204 1085 298 1149 ludio.
320 1085 377 1158 vt,
399 1082 449 1144 22.
472 1081 522 1142 23.
554 1083 593 1143 Et
614 1083 731 1162 Moysi:
754 1080 799 1143 Ne
818 1086 1044 1162 appropinques,
1066 1080 1256 1160 inquitDeus,

154 1167 235 1242 huo;
257 1167 338 1230 solve
359 1166 589 1230 calceamentum
610 1167 646 1228 de
669 1165 792 1244 pedibus
814 1170 891 1239 tuis,
923 1168 1002 1228 locus
1024 1166 1120 1244 enim,
1148 1165 1176 1224 in
1200 1181 1259 1240 qno

156 1254 226 1321 stas,
248 1254 324 1311 terra
346 1254 443 1310 sancta
464 1255 518 1310 est.
540 1248 634 1310 Exod.
656 1250 707 1317 lll,
731 1249 759 1312 5.
782 1250 821 1312 Et
845 1249 994 1312 abscondit
1015 1249 1134 1326 Moyses
1156 1246 1259 1308 ieciem

156 1349 257 1406 suam,
279 1334 373 1396 Deum
404 1333 480 1393 enim
509 1333 638 1410 aspicere
671 1351 728 1392 non
760 1333 892 1394 audebat.
946 1334 1021 1394 Nam
1053 1349 1121 1391 cum
1142 1332 1260 1408 peccato

158 1417 247 1476 timor
274 1415 390 1478 servilis
419 1433 485 1476 sese
505 1417 632 1476 socievit.
676 1415 751 1477 Cum
771 1418 851 1477 enim
879 1421 996 1495 peccato
1025 1416 1133 1476 recenti
1156 1411 1259 1492 polluti

125 1535 127 1542 κ
157 1499 294 1559 audirent
314 1503 448 1577 parentes
469 1501 558 1560 nostri
580 1516 683 1559 vocem
704 1499 820 1560 Domini
841 1499 895 1559 Dei
918 1497 1126 1560 deambulantis
1156 1499 1185 1556 in
1208 1512 1259 1572 pa·

154 1583 252 1643 radiso
265 1583 409 1644 adamam
422 1588 487 1660 post
497 1581 659 1654 meridiem,
681 1582 893 1645 absconderunt
903 1601 935 1643 se
954 1601 969 1642 a
988 1582 1059 1642 faeie
1073 1580 1189 1640 Domini
1204 1577 1259 1639 Dei

157 1668 187 1727 in
210 1666 308 1726 medio
330 1665 399 1743 ligni
422 1665 555 1743 paradisi.
598 1663 704 1726 lienes.
727 1666 778 1738 ill,
804 1664 834 1726 8.
871 1665 932 1726 Nec
950 1664 1010 1744 jam
1031 1665 1120 1725 homo
1141 1661 1259 1739 propin·

154 1765 246 1827 quum
261 1748 357 1808 Deum
379 1746 464 1820 lerre,
487 1766 539 1808 nee
561 1748 641 1810 Deus
662 1751 887 1810 contaminatum
910 1753 1026 1827 peccato
1047 1747 1196 1809 hominem
1214 1748 1258 1806 to·

152 1831 248 1891 lerare
270 1832 372 1908 potuit,
394 1832 445 1892 sed
467 1832 539 1891 iram
561 1837 660 1892 contra
675 1849 743 1892 eum
762 1837 876 1892 vertere
887 1833 1024 1910 oportuit,
1046 1832 1097 1910 qui
1120 1832 1255 1889 timorem

153 1914 282 1975 debiturn
311 1913 460 1991 abjecerat.
501 1914 659 1990 Propterea
681 1918 793 1976 occisus
814 1919 858 1976 est
879 1914 957 1989 Osa,
990 1917 1057 1992 qnia
1080 1930 1198 1974 manum
1221 1910 1257 1971 ad
1297 1939 1298 1944 κ

152 2013 252 2058 arcam
274 1996 328 2057 Dei
349 1997 485 2057 extendit.
510 1997 550 2058 lll
563 1999 634 2075 lleg.
658 1999 707 2070 lll,
730 1995 803 2072 6²).

243 2081 312 2142 ldeo
344 2086 475 2140 sanctum
497 2084 527 2139 et
548 2079 677 2140 terribile
706 2099 812 2142 nomen
834 2081 950 2144 Domini
971 2083 1059 2142 etiem
1089 2080 1119 2140 in
1141 2075 1259 2156 populo,

153 2181 242 2243 qoem
272 2163 328 2223 sibi
358 2166 385 2222 in
415 2161 622 2225 haereditatem
651 2164 748 2242 elegit.
791 2166 824 2226 ln
852 2164 1027 2226 herentem
1055 2163 1160 2224 eximie
1181 2161 1259 2220 illius

151 2251 290 2308 sanctitas
311 2245 443 2310 elucebat
463 2252 492 2306 et
513 2248 727 2308 remunerando
747 2249 813 2323 (luz.
842 2249 996 2322 XXXVl,
1026 2245 1076 2306 22.
1099 2245 1177 2314 XX,
1208 2241 1258 2304 ll.

152 2330 304 2402 XXXIX,
325 2329 385 2396 27.)
407 2332 445 2390 el-
458 2330 605 2406 puniendo
627 2332 697 2404 (Ea.
720 2331 864 2394 xxviii.
887 2333 974 2393 Num.
998 2331 1078 2403 XX,
1101 2325 1174 2410 ta).
1211 2327 1259 2387 Ti·
1309 2397 1310 2400 Ἴ

144 2431 220 2474 mor
250 2414 339 2490 igitur
359 2413 502 2473 sanctitati
524 2411 592 2474 buic
612 2413 770 2475 inviolabili
802 2416 831 2475 in
853 2415 970 2492 antiquo
998 2413 1114 2474 loedere
1134 2411 1259 2472 debeba-

157 2501 207 2558 tur
228 2500 258 2556 et
278 2495 461 2557 offerebatur.
506 2495 551 2556 llli
575 2498 757 2558 moriendum
778 2515 843 2558 esse
862 2495 1070 2568 existimabant,
1092 2496 1141 2574 qui
1164 2495 1259 2554 Deum

157 2580 282 2652 viderit,
306 2594 359 2640 nos
390 2579 516 2640 vidimus
544 2579 667 2641 verbum
696 2583 770 2644 vitae
792 2584 822 2641 et
847 2581 980 2641 menibus
1007 2579 1259 2649 contrectavimus,

157 2681 254 2742 neque
275 2663 383 2722 mortui
405 2679 525 2734 sumus;
545 2663 606 2724 sed
635 2667 698 2742 ipse
719 2661 852 2725 Christus
885 2682 937 2742 pro
958 2665 1042 2725 nobis
1063 2668 1195 2723 mortuns
1215 2662 1260 2720 est

151 2751 188 2807 et
210 2751 334 2806 mortem
355 2747 498 2822 captivam
520 2746 621 2817 duxit,
643 2751 674 2806 et
694 2763 748 2808 nos
779 2749 909 2808 vivimus
938 2747 1017 2808 illiue
1047 2749 1150 2806 morte.
1192 2745 1259 2822 lpse
1289 2761 1310 2777 ’-

157 2847 191 2890 se
213 2827 406 2890 sanctificabat
428 2843 481 2904 pro
503 2829 594 2902 nobis,
617 2828 818 2890 holocaustum
841 2831 1058 2892 immaculatum
1080 2846 1113 2889 se
1135 2826 1260 2889 oiierens

158 2913 231 2984 Deo,
253 2916 285 2972 nt
306 2929 359 2972 nos
379 2911 537 2972 redimeret
563 2913 599 2973 eb
631 2916 710 2974 omni
731 2914 881 2991 iniquitate
905 2919 936 2974 et
956 2913 1107 2974 mundaret
1127 2910 1183 2972 sibi
1205 2928 1258 2988 po-

157 2996 261 3073 pulum
283 2993 499 3072 acceptabilem,
522 3000 693 3057 sectatorem
714 2997 857 3057 bonorum
880 3015 1022 3075 operum,
1054 3001 1140 3073 atque
1162 2993 1258 3054 omni·

157 3080 222 3152 bus,
245 3079 296 3157 qui
311 3078 397 3156 longe
417 3081 486 3138 sunt
506 3082 536 3138 et
559 3079 609 3156 qui
631 3097 731 3157 prope,
755 3095 855 3158 pecem
878 3080 1099 3160 evangelizarit,
1121 3078 1259 3154 quoniam

157 3163 328 3240 peripsum
350 3178 498 3222 accessum
520 3161 662 3224 babemus
693 3163 779 3224 ambo
801 3166 829 3224 in
855 3183 914 3225 uno
934 3164 1045 3242 Spiritu
1076 3161 1111 3222 ud
1134 3161 1258 3221 Patrem.

156 3244 236 3306 Filiis
258 3245 318 3304 irae
333 3245 412 3304 Deus
433 3247 602 3306 tremendus
620 3245 720 3323 judex,
742 3245 852 3307 Sanctis
874 3252 957 3326 pater
978 3264 1077 3308 amans
1098 3250 1128 3306 et
1149 3243 1258 3305 amabi·

157 3328 213 3401 lis;
235 3329 344 3388 bonnm
366 3331 443 3388 enirn
465 3327 545 3388 Dens
567 3329 663 3390 odisse
685 3333 795 3408 nequit.
817 3331 856 3391 Et
877 3333 915 3392 ita
934 3349 1018 3392 amor
1031 3347 1066 3390 ex
1082 3327 1151 3390 Jcsu
1164 3331 1259 3390 morte

160 3410 305 3490 perlectus
327 3411 463 3471 timorem
485 3411 613 3490 expellit,
634 3418 664 3472 et
684 3418 778 3474 terror
798 3413 929 3475 charitati
949 3413 1032 3474 cedit·

240 3496 307 3554 Jam
328 3495 516 3573 inquisitioni,
539 3513 614 3572 quae
635 3501 679 3557 est
699 3497 736 3556 de
758 3497 960 3560 essentialibus
981 3496 1141 3568 attributis,
1170 3494 1259 3554 linem

155 3578 349 3656 imponamus.
393 3577 591 3638 Fundamenta
611 3578 685 3657 jecta
707 3586 794 3654 sunt,
824 3588 965 3661 quantum
987 3583 1153 3658 potuimus,
1176 3577 1259 3640 tirma

156 3665 185 3721 et
206 3660 314 3733 solida,
337 3678 373 3720 ne
395 3659 573 3731 aedilicium,
596 3662 724 3724 robustis
745 3663 844 3725 iulcris
865 3682 985 3738 carens,
1007 3667 1036 3724 in
1058 3665 1149 3724 altum
1171 3663 1260 3723 educ·

154 3748 218 3805 tum
241 3748 365 3806 corruat.
411 3741 448 3804 Ut
475 3762 546 3804 vero
567 3748 699 3808 notiones
719 3749 945 3821 attributorum,
967 3749 1003 3811 de
1025 3746 1130 3826 quibus
1152 3744 1259 3806 bucus-

155 3845 215 3904 que
237 3827 433 3898 tractavimus,
457 3844 545 3904 quam
578 3828 749 3892 brevissime
779 3830 1080 3910 comprehendemus:
1114 3827 1259 3909 Spiritum

155 3914 288 3972 centrum
309 3911 408 3986 animi,
430 3927 556 3972 amorem
575 3916 784 3975 connexionem
806 3917 949 3976 essentiae
972 3912 1039 3996 (vel
1060 3911 1255 3994 substantiae)

191 4163 218 4224 q
236 4163 261 4213 s.
274 4165 340 4227 nup.
358 4162 449 4214 nnnc
469 4164 500 4221 v,
521 4161 564 4213 1e.

191 4255 220 4327 2)
239 4261 326 4314 Gloria
350 4261 398 4313 Dei
412 4245 487 4330 (δόξα
507 4261 554 4310 τοῦ
572 4247 648 4332 θεοῦ)
660 4267 734 4317 retus
753 4260 899 4316 Salomonis
911 4264 1036 4328 ternplum
1052 4263 1188 4317 utncbnio
1207 4265 1256 4316 im-

154 4347 241 4415 plevit
259 4349 302 4405 111
318 4349 382 4417 Iicp.
401 4348 477 4411 vm,
496 4351 539 4404 11.
1221 4369 1224 4376 ¹
