2910 4936
672 267 715 338 ll

139 461 225 524 vela
254 457 393 522 Crantore
408 455 528 536 eiusque
547 458 648 518 natrrra
664 456 700 516 ad
720 458 867 518 crastinas
887 453 1091 518 declinandum
1107 462 1162 522 est
1185 457 1248 522 Pri.

32 577 47 600 ·
139 563 188 608 ma
201 545 293 608 tutior
315 542 439 616 videtur,
462 557 529 600 nam
550 538 700 600 familiaris
720 542 811 618 magis
832 544 862 600 et
895 545 962 600 nota
981 544 1141 616 nostroque
1162 542 1248 604 intel·

140 628 228 690 lectni
248 626 346 705 pervia
374 628 442 686 sunt
464 628 586 695 terrena,
601 640 696 701 quam
712 627 840 684 aeterna.
862 622 892 684 Si
914 624 1011 701 itaque
1026 641 1061 683 ex
1078 621 1135 683 illis
1149 620 1248 687 radios

139 717 272 774 aeternae
288 709 415 770 veritatis
433 704 613 784 collegimus,
629 706 739 766 facilius
755 707 791 766 ad
808 707 943 767 coelestia
959 705 1158 782 ascendemus,
1175 727 1247 787 quo·

139 813 208 856 rum
226 793 390 871 cognitione
409 789 561 850 illuminati
581 794 777 851 creaturarum
795 791 901 851 iterum
917 791 1048 850 ordinem
1067 794 1096 850 et
1115 797 1248 852 naturam

141 879 246 940 canori
270 875 375 954 mentis
393 876 455 934 acie
477 874 678 951 perspicimus.

224 961 248 1022 l.
269 957 395 1034 Quidam
417 958 522 1034 igitur,
551 955 602 1033 qui
617 957 653 1016 ad
671 959 802 1016 naturam
826 958 1040 1033 corruptumst
1060 973 1158 1018 mores
1178 957 1246 1020 inde

140 1047 292 1122 surgentes
310 1043 408 1102 omnia
420 1040 529 1100 reterre
543 1042 773 1110 consueverunt,
796 1041 975 1104 sanctitatem
995 1044 1145 1116 opponunt
1163 1041 1246 1112 vitae,

139 1144 287 1205 quaequac
307 1127 417 1201 magnis
435 1121 594 1184 sceleribus
614 1124 834 1196 contaminatur,
854 1139 907 1183 nec
917 1122 1057 1182 virtutum
1076 1123 1246 1184 excellentia

140 1213 170 1270 et
188 1213 290 1270 ornatu
308 1207 460 1284 splendet,
491 1206 544 1267 sed
568 1205 777 1283 aequalium,
816 1224 869 1268 nec
902 1204 1012 1282 Spiritu
1035 1206 1131 1267 divino
1156 1211 1246 1284 tacta

140 1309 194 1352 nec
211 1289 296 1352 malis
317 1289 425 1366 angelis
443 1289 584 1366 exagitata
612 1289 748 1348 decurrit.
791 1287 862 1350 lnde
892 1289 1016 1352 eximios
1035 1290 1177 1366 quosdam
1191 1289 1245 1352 bo·

140 1375 235 1434 mines
260 1377 374 1432 sanctos
395 1373 523 1446 ducunt,
555 1373 605 1450 qui
624 1389 640 1430 a
664 1373 811 1432 communi
832 1371 983 1432 bominum
1004 1373 1167 1436 conditione
1182 1391 1246 1434 om·

140 1458 210 1516 nino
228 1456 334 1516 diversi
356 1473 403 1516 res
419 1457 525 1526 miras,
547 1453 713 1532 magnificas
731 1459 760 1516 et
775 1473 891 1515 summa
909 1453 995 1514 laude
1014 1453 1113 1532 dignas
1129 1461 1244 1534 gerunt.

139 1540 183 1600 lta
201 1539 320 1617 quidem
337 1537 462 1616 populns
476 1539 622 1611 innocens,
644 1539 710 1615 pius
726 1541 755 1598 et
778 1537 924 1598 credulus.
966 1537 1022 1597 alii
1051 1543 1148 1599 auum
1169 1540 1245 1600 vitae
1268 1581 1270 1588 ν

136 1623 334 1682 austeritatem
350 1623 511 1695 intuentur,
541 1639 629 1700 quam
650 1621 770 1682 Sanctae
799 1623 901 1682 sectam
914 1612 1102 1698 'compertum
1127 1626 1191 1694 est,
1215 1625 1245 1682 et

137 1706 379 1782 poenitentiarum
408 1704 486 1764 varia
502 1722 607 1784 genera
622 1707 793 1765 enumerant
807 1707 964 1782 menteque
980 1703 1153 1777 revolvunt,
1174 1707 1242 1784 qui·

137 1787 192 1848 bus
220 1805 285 1848 sese
311 1786 481 1866 subjiciunt,
514 1791 601 1865 atque
624 1790 804 1848 sanctitatem
829 1791 857 1848 in
890 1806 925 1847 eo
950 1789 1059 1847 versari
1080 1793 1190 1864 putant,
1213 1791 1246 1849 ut

137 1868 225 1931 bomo
244 1888 351 1946 corpus
369 1872 488 1948 castiget
507 1876 536 1931 et
554 1874 582 1931 in
601 1873 773 1931 servitutem
786 1871 914 1948 redigat,
937 1888 993 1930 non
1021 1870 1116 1930 solum
1135 1871 1171 1931 ab
1186 1870 1244 1952 illi7

137 1955 329 2026 siliquarum
346 1955 433 2014 etiam
450 1971 466 2015 a
489 1953 574 2015 licitis
593 1952 789 2032 voluptatibus
805 1972 837 2015 se
858 1953 1015 2026 abstinens,
1036 1952 1072 2014 ab
1090 1952 1244 2014 hominum

137 2037 313 2097 commercio
332 2054 364 2097 se
388 2042 502 2114 separet
517 2039 546 2098 el
565 2037 667 2098 duram
687 2037 805 2098 omnino
827 2039 915 2097 vitam
938 2039 1087 2114 sequatur.
1130 2036 1244 2112 Quam·

137 2137 224 2198 qnam
252 2119 335 2179 multi
359 2121 464 2182 nostris
490 2119 671 2197 temporibus
698 2118 865 2197 hujusmodi
893 2118 1028 2182 homines
1051 2118 1245 2182 Daemonium

141 2200 249 2263 habere
269 2203 387 2276 dicunt,
410 2203 658 2280 quemadmodum
679 2204 783 2264 ludaei
801 2204 943 2264 loannem
970 2200 1074 2264 Matth.
1096 2201 1152 2275 Xl,
1176 2201 1244 2276 1s.,

138 2290 236 2346 tanmn
258 2285 363 2346 melior
381 2303 447 2362 pars
469 2285 524 2347 boc
539 2289 615 2348 vitae
633 2304 724 2364 genus
741 2288 834 2364 magni
858 2288 1010 2360 aestimat;
1032 2291 1109 2347 errat
1129 2290 1244 2360 autem,

137 2369 208 2430 siin
238 2387 275 2429 eo
297 2371 476 2430 sanctitatem
507 2371 664 2430 consistere
687 2373 778 2447 putet.
821 2367 929 2439 Primi,
960 2368 1128 2448 dequibus
1157 2368 1242 2430 nobis

137 2469 234 2513 sermo
252 2451 321 2524 luit,
350 2455 479 2530 praemia
509 2454 666 2513 sanctitatis
694 2455 872 2514 sanctitatem
899 2451 971 2513 lalso
994 2457 1179 2529 nuncupant,
1211 2450 1244 2512 hi

138 2536 232 2596 media
255 2535 446 2614 requirendae
466 2538 622 2597 sanctitatis
645 2539 834 2610 sanctitatem,
858 2535 926 2596 licet
953 2535 1060 2597 rectius
1079 2553 1169 2614 quam
1190 2533 1244 2607 illi,

140 2621 311 2680 tamennon
330 2622 363 2678 ut
381 2636 429 2679 res
448 2619 584 2698 postulat,
606 2617 762 2697 appellant.

223 2702 260 2762 ll.
283 2701 337 2762 Est
356 2720 427 2762 vero
441 2704 587 2774 sanctitas,
609 2706 642 2762 ut
661 2701 759 2763 verbis
776 2701 873 2762 Ranae
894 2698 1000 2783 utar¹),
1027 2701 1063 2762 ab
1080 2702 1158 2762 omni
1179 2700 1244 2762 labe

139 2783 230 2846 libera
250 2788 281 2845 et
294 2787 411 2845 omnino
437 2785 562 2862 perlecta
582 2789 612 2845 et
636 2785 714 2846 omni
737 2805 774 2846 ex
804 2789 885 2862 parte
911 2785 1095 2846 immaculata
1123 2787 1243 2862 puritas.

138 2866 169 2929 Si
191 2869 269 2928 enim
292 2886 340 2928 res
364 2886 465 2929 omues
492 2887 529 2928 ex
545 2870 679 2928 mistione
699 2868 806 2946 pejoris
833 2872 863 2928 et
884 2865 1027 2928 interioris
1045 2868 1145 2929 sordes
1174 2886 1243 2928 con·
1346 2935 1348 2940 ,

16 2962 20 2967 ’
139 2950 258 3012 trahunt
281 2954 311 3010 et
325 2951 513 3028 polluuntur,
545 2955 578 3011 ut
603 2957 755 3029 argentum
776 2970 813 3012 ex
834 2951 968 3012 mistione
995 2949 1124 3030 plumbi,
1153 2953 1243 3012 vestis

138 3034 307 3113 aspersione
326 3033 380 3095 luti
394 3055 402 3108 ;
431 3037 470 3094 ita
487 3035 582 3096 anima
599 3037 714 3110 impura
730 3033 764 3095 iit
780 3038 809 3110 et
828 3035 987 3107 immunda,
1007 3052 1074 3096 cum
1092 3034 1179 3095 rebus
1195 3036 1242 3094 in·

139 3115 217 3178 timis
233 3114 378 3190 adhaeret,
398 3137 451 3178 nec
465 3135 585 3195 prorsus
604 3134 678 3196 pura
697 3121 907 3180 etsanctaesse
920 3120 1024 3195 potest,
1043 3119 1097 3178 nisi
1119 3136 1135 3178 a
1155 3134 1243 3179 cunc·

137 3200 176 3261 tis
192 3198 280 3261 rebus
299 3201 402 3261 creatis
419 3199 519 3262 avulsa
540 3201 587 3261 sit.
610 3199 749 3262 Consistit
766 3201 855 3280 igitur
874 3200 1009 3262 sanctitas
1026 3201 1055 3260 in
1076 3200 1243 3262 omnimoda

137 3284 261 3360 puritate
282 3285 354 3343 etin
375 3283 516 3345 immobili
532 3302 599 3345 cum
615 3285 677 3344 Deo
702 3285 823 3358 unione,
855 3301 930 3362 quae
948 3284 1110 3346 arctissimo
1133 3285 1242 3345 amoris

136 3383 215 3426 nexu
231 3364 395 3444 perfinitum
416 3385 483 3427 cum
502 3372 658 3446 expurgata
678 3369 773 3428 anima
796 3368 832 3428 ab
860 3366 1089 3446 omni‘rubigine
1110 3372 1242 3428 terreno-

135 3466 202 3509 rum
214 3448 379 3524 atlectuum,
399 3451 568 3530 cunctisque
580 3450 668 3511 rebus
684 3450 800 3525 celsior,
818 3467 883 3512 eam
895 3450 1022 3529 justitiae
1034 3450 1240 3527 perlectionem

135 3532 240 3610 adepta
257 3536 311 3604 est,
334 3535 366 3592 ut
387 3552 456 3594 vere
478 3537 508 3594 et
528 3551 631 3594 secure
652 3534 755 3596 audeat
771 3537 866 3596 dicere
895 3552 962 3595 oum
983 3534 1142 3613 Apostolo:
1175 3535 1242 3612 quis

135 3633 185 3675 me
202 3614 378 3690 separabita
398 3615 537 3678 charitate
557 3613 691 3686 Christi?

220 3697 260 3760 Ut
272 3716 343 3760 vero
362 3699 522 3761 distinctius
542 3703 700 3762 sanctitatis
717 3702 849 3762 notitiam
869 3701 1094 3780 perspiciamus,
1129 3701 1243 3775 oportet

134 3786 168 3842 ut
185 3799 253 3842 cum
266 3781 384 3859 justitia,
407 3799 482 3860 quae
503 3799 571 3844 cnm
591 3787 652 3863 ipsa
667 3784 827 3845 arctissime
847 3783 999 3862 conjuncta
1015 3788 1045 3843 et
1062 3779 1183 3842 delinita
1199 3778 1242 3842 ta·

133 3864 219 3926 cilior
234 3869 287 3937 est,
309 3883 373 3926 eam
390 3865 582 3928 conteramus.
624 3867 738 3928 lustitia
755 3868 841 3944 igitur
863 3873 908 3927 est
925 3865 1124 3929 convenientia
1137 3863 1242 3926 volun·

134 3948 201 4010 tatis
213 3965 281 4009 cum
302 3953 377 4009 recta
394 3949 514 4021 ratione,
536 3966 610 4026 quae
633 3954 694 4011 sive
711 3949 827 4010 lumine
841 3949 972 4019 naturali,
994 3950 1056 4010 sive
1074 3949 1172 4010 divino
1190 3949 1242 4010 ad·

132 4030 191 4110 juta
210 4048 342 4092 normam
365 4033 465 4110 agendi
486 4038 594 4093 rectam
616 4035 773 4110 conspicit3
805 4038 834 4094 et
852 4034 968 4112 proprie
988 4033 1116 4112 designat
1135 4032 1242 4092 absen-

132 4116 203 4175 tiam
226 4118 357 4194 peccati,
380 4117 432 4176 etsi
455 4116 562 4177 eximia
581 4116 657 4178 desit
671 4119 773 4179 virtus.
815 4116 869 4178 lus
888 4120 917 4178 et
932 4116 1058 4178 officium
1077 4115 1240 4195 perpendit,

169 4378 197 4449 1)
214 4381 327 4448 Princip.
345 4382 398 4435 vn.
415 4381 552 4438 curteum
572 4380 600 4448 ὃ.
613 4379 708 4436 XLlX.
723 4397 750 4448 p.
762 4383 822 4436 1⁰1.

1420 4317 1439 4658 l
