<?xml version="1.0" encoding="UTF-8"?>
<!DOCTYPE html PUBLIC "-//W3C//DTD XHTML 1.0 Transitional//EN"
    "http://www.w3.org/TR/xhtml1/DTD/xhtml1-transitional.dtd">
<html xmlns="http://www.w3.org/1999/xhtml" xml:lang="en" lang="en">
 <head>
  <title>
</title>
<meta http-equiv="Content-Type" content="text/html;charset=utf-8" />
  <meta name='ocr-system' content='tesseract 3.04.00' />
  <meta name='ocr-capabilities' content='ocr_page ocr_carea ocr_par ocr_line ocrx_word'/>
</head>
<body>
  <div class='ocr_page' id='page_1' title='image "./denominibusspir00busegoog_0032.png"; bbox 0 0 2910 4936; ppageno 0'>
   <div class='ocr_carea' id='block_1_1' title="bbox 668 295 714 386">
    <p class='ocr_par' dir='ltr' id='par_1_1' title="bbox 668 295 714 386">
     <span class='ocr_line' id='line_1_1' title="bbox 668 295 714 386; baseline 0 0"><span class='ocrx_word' id='word_1_1' title='bbox 668 295 714 386; x_wconf 73' lang='lat'><strong>19</strong></span> 
     </span>
    </p>
   </div>
   <div class='ocr_carea' id='block_1_2' title="bbox 137 467 1242 643">
    <p class='ocr_par' dir='ltr' id='par_1_2' title="bbox 137 467 1242 643">
     <span class='ocr_line' id='line_1_2' title="bbox 137 467 1242 576; baseline 0.01 -22"><span class='ocrx_word' id='word_1_2' title='bbox 137 491 263 557; x_wconf 91' lang='lat' dir='ltr'><strong>alterum</strong></span> <span class='ocrx_word' id='word_1_3' title='bbox 291 510 461 574; x_wconf 85' lang='lat' dir='ltr'><strong>progressus</strong></span> <span class='ocrx_word' id='word_1_4' title='bbox 490 495 691 558; x_wconf 71' lang='lat' dir='ltr'><strong>nenessitatem</strong></span> <span class='ocrx_word' id='word_1_5' title='bbox 718 499 748 560; x_wconf 91' lang='lat' dir='ltr'><strong>et</strong></span> <span class='ocrx_word' id='word_1_6' title='bbox 774 467 1003 560; x_wconf 86' lang='lat' dir='ltr'><strong>convenientiam</strong></span> <span class='ocrx_word' id='word_1_7' title='bbox 1028 475 1150 576; x_wconf 79' lang='lat' dir='ltr'><strong>singulis</strong></span> <span class='ocrx_word' id='word_1_8' title='bbox 1170 493 1242 564; x_wconf 73' lang='lat' dir='ltr'><strong>locis</strong></span> 
     </span>
     <span class='ocr_line' id='line_1_3' title="bbox 137 576 412 643; baseline 0.007 -5"><span class='ocrx_word' id='word_1_9' title='bbox 137 576 412 643; x_wconf 76' lang='lat' dir='ltr'><strong>demonstrabimus.</strong></span> 
     </span>
    </p>
   </div>
   <div class='ocr_carea' id='block_1_3' title="bbox 454 761 923 976">
    <p class='ocr_par' dir='ltr' id='par_1_3' title="bbox 454 761 923 976">
     <span class='ocr_line' id='line_1_4' title="bbox 639 761 742 836; baseline 0 -13"><span class='ocrx_word' id='word_1_10' title='bbox 639 767 670 836; x_wconf 68' lang='lat' dir='ltr'><strong>s.</strong></span> <span class='ocrx_word' id='word_1_11' title='bbox 714 761 742 824; x_wconf 90' lang='lat'><strong>1.</strong></span> 
     </span>
     <span class='ocr_line' id='line_1_5' title="bbox 454 891 923 976; baseline 0.009 -22"><span class='ocrx_word' id='word_1_12' title='bbox 454 891 499 954; x_wconf 83' lang='lat' dir='ltr'><strong>De</strong></span> <span class='ocrx_word' id='word_1_13' title='bbox 520 894 608 958; x_wconf 78' lang='lat' dir='ltr'><strong>amin</strong></span> <span class='ocrx_word' id='word_1_14' title='bbox 624 912 751 976; x_wconf 79' lang='lat' dir='ltr'><strong>persono</strong></span> <span class='ocrx_word' id='word_1_15' title='bbox 771 891 835 956; x_wconf 82' lang='lat' dir='ltr'><strong>Ara</strong></span> <span class='ocrx_word' id='word_1_16' title='bbox 847 911 923 958; x_wconf 83' lang='lat' dir='ltr'><strong>ora.</strong></span> 
     </span>
    </p>
   </div>
   <div class='ocr_carea' id='block_1_4' title="bbox 131 1047 1241 2214">
    <p class='ocr_par' dir='ltr' id='par_1_4' title="bbox 131 1047 1241 2214">
     <span class='ocr_line' id='line_1_6' title="bbox 220 1047 1240 1131; baseline 0.005 -23"><span class='ocrx_word' id='word_1_17' title='bbox 220 1047 320 1124; x_wconf 89' lang='lat' dir='ltr'><strong>Quum</strong></span> <span class='ocrx_word' id='word_1_18' title='bbox 344 1067 428 1110; x_wconf 92' lang='lat' dir='ltr'><strong>amor</strong></span> <span class='ocrx_word' id='word_1_19' title='bbox 447 1053 486 1112; x_wconf 90' lang='lat' dir='ltr'><strong>sit</strong></span> <span class='ocrx_word' id='word_1_20' title='bbox 505 1054 588 1131; x_wconf 90' lang='lat' dir='ltr'><strong>quasi</strong></span> <span class='ocrx_word' id='word_1_21' title='bbox 608 1052 672 1128; x_wconf 89' lang='lat' dir='ltr'><strong>sol,</strong></span> <span class='ocrx_word' id='word_1_22' title='bbox 693 1053 772 1116; x_wconf 92' lang='lat' dir='ltr'><strong>unde</strong></span> <span class='ocrx_word' id='word_1_23' title='bbox 792 1071 895 1114; x_wconf 87' lang='lat' dir='ltr'><strong>omnes</strong></span> <span class='ocrx_word' id='word_1_24' title='bbox 912 1056 1043 1114; x_wconf 87' lang='lat' dir='ltr'><strong>caeterae</strong></span> <span class='ocrx_word' id='word_1_25' title='bbox 1060 1052 1161 1113; x_wconf 91' lang='lat' dir='ltr'><strong>tertiae</strong></span> <span class='ocrx_word' id='word_1_26' title='bbox 1172 1069 1240 1130; x_wconf 88' lang='lat' dir='ltr'><strong>per·</strong></span> 
     </span>
     <span class='ocr_line' id='line_1_7' title="bbox 136 1133 1239 1215; baseline 0.002 -21"><span class='ocrx_word' id='word_1_27' title='bbox 136 1149 226 1194; x_wconf 87' lang='lat' dir='ltr'><strong>sonae</strong></span> <span class='ocrx_word' id='word_1_28' title='bbox 257 1133 450 1210; x_wconf 80' lang='lat' dir='ltr'><strong>proprietates</strong></span> <span class='ocrx_word' id='word_1_29' title='bbox 482 1140 618 1215; x_wconf 77' lang='lat' dir='ltr'><strong>tanquam</strong></span> <span class='ocrx_word' id='word_1_30' title='bbox 651 1138 725 1199; x_wconf 92' lang='lat' dir='ltr'><strong>radii</strong></span> <span class='ocrx_word' id='word_1_31' title='bbox 758 1137 1020 1214; x_wconf 83' lang='lat' dir='ltr'><strong>exsplendesouut‚</strong></span> <span class='ocrx_word' id='word_1_32' title='bbox 1058 1137 1096 1196; x_wconf 87' lang='lat' dir='ltr'><strong>lta</strong></span> <span class='ocrx_word' id='word_1_33' title='bbox 1120 1139 1154 1197; x_wconf 90' lang='lat' dir='ltr'><strong>ut</strong></span> <span class='ocrx_word' id='word_1_34' title='bbox 1183 1134 1239 1196; x_wconf 89' lang='lat' dir='ltr'><strong>boo</strong></span> 
     </span>
     <span class='ocr_line' id='line_1_8' title="bbox 136 1218 1241 1304; baseline 0.003 -28"><span class='ocrx_word' id='word_1_35' title='bbox 136 1219 254 1278; x_wconf 85' lang='lat' dir='ltr'><strong>nomine</strong></span> <span class='ocrx_word' id='word_1_36' title='bbox 276 1221 308 1276; x_wconf 90' lang='lat' dir='ltr'><strong>et</strong></span> <span class='ocrx_word' id='word_1_37' title='bbox 329 1220 542 1294; x_wconf 75' lang='lat' dir='ltr'><strong>processionem</strong></span> <span class='ocrx_word' id='word_1_38' title='bbox 564 1224 595 1280; x_wconf 87' lang='lat' dir='ltr'><strong>et</strong></span> <span class='ocrx_word' id='word_1_39' title='bbox 616 1223 764 1282; x_wconf 87' lang='lat' dir='ltr'><strong>notionem</strong></span> <span class='ocrx_word' id='word_1_40' title='bbox 790 1223 820 1281; x_wconf 90' lang='lat' dir='ltr'><strong>et</strong></span> <span class='ocrx_word' id='word_1_41' title='bbox 843 1225 976 1282; x_wconf 91' lang='lat' dir='ltr'><strong>naturam</strong></span> <span class='ocrx_word' id='word_1_42' title='bbox 998 1219 1123 1299; x_wconf 84' lang='lat' dir='ltr'><strong>Spiritus</strong></span> <span class='ocrx_word' id='word_1_43' title='bbox 1136 1218 1241 1304; x_wconf 85' lang='lat' dir='ltr'><strong>Sancti</strong></span> 
     </span>
     <span class='ocr_line' id='line_1_9' title="bbox 136 1301 1239 1384; baseline 0.004 -24"><span class='ocrx_word' id='word_1_44' title='bbox 136 1317 196 1360; x_wconf 92' lang='lat' dir='ltr'><strong>una</strong></span> <span class='ocrx_word' id='word_1_45' title='bbox 221 1316 293 1361; x_wconf 86' lang='lat' dir='ltr'><strong>voce</strong></span> <span class='ocrx_word' id='word_1_46' title='bbox 318 1301 530 1378; x_wconf 80' lang='lat' dir='ltr'><strong>designaveris,</strong></span> <span class='ocrx_word' id='word_1_47' title='bbox 562 1303 600 1364; x_wconf 89' lang='lat' dir='ltr'><strong>de</strong></span> <span class='ocrx_word' id='word_1_48' title='bbox 628 1303 680 1366; x_wconf 91' lang='lat' dir='ltr'><strong>illo</strong></span> <span class='ocrx_word' id='word_1_49' title='bbox 708 1305 836 1382; x_wconf 87' lang='lat' dir='ltr'><strong>primum</strong></span> <span class='ocrx_word' id='word_1_50' title='bbox 864 1305 1005 1384; x_wconf 82' lang='lat' dir='ltr'><strong>dicemus.</strong></span> <span class='ocrx_word' id='word_1_51' title='bbox 1053 1302 1239 1382; x_wconf 84' lang='lat' dir='ltr'><strong>Quamquam</strong></span> 
     </span>
     <span class='ocr_line' id='line_1_10' title="bbox 137 1383 1239 1467; baseline 0.004 -25"><span class='ocrx_word' id='word_1_52' title='bbox 137 1401 227 1456; x_wconf 87' lang='lat' dir='ltr'><strong>varo,</strong></span> <span class='ocrx_word' id='word_1_53' title='bbox 249 1399 344 1461; x_wconf 90' lang='lat' dir='ltr'><strong>neque</strong></span> <span class='ocrx_word' id='word_1_54' title='bbox 369 1384 393 1444; x_wconf 92' lang='lat' dir='ltr'><strong>si</strong></span> <span class='ocrx_word' id='word_1_55' title='bbox 416 1383 595 1464; x_wconf 80' lang='lat' dir='ltr'><strong>Angelorum</strong></span> <span class='ocrx_word' id='word_1_56' title='bbox 617 1386 723 1466; x_wconf 89' lang='lat' dir='ltr'><strong>linguis</strong></span> <span class='ocrx_word' id='word_1_57' title='bbox 746 1390 853 1462; x_wconf 90' lang='lat' dir='ltr'><strong>utaris,</strong></span> <span class='ocrx_word' id='word_1_58' title='bbox 881 1388 971 1467; x_wconf 75' lang='lat' dir='ltr'><strong>&#39;digne</strong></span> <span class='ocrx_word' id='word_1_59' title='bbox 991 1387 1036 1448; x_wconf 89' lang='lat' dir='ltr'><strong>de</strong></span> <span class='ocrx_word' id='word_1_60' title='bbox 1053 1405 1089 1448; x_wconf 90' lang='lat' dir='ltr'><strong>eo</strong></span> <span class='ocrx_word' id='word_1_61' title='bbox 1113 1387 1239 1460; x_wconf 77' lang='lat' dir='ltr'><strong>dixeris,</strong></span> 
     </span>
     <span class='ocr_line' id='line_1_11' title="bbox 133 1465 1240 1632; baseline 0.004 -22"><span class='ocrx_word' id='word_1_62' title='bbox 133 1465 1240 1632; x_wconf 59' lang='lat' dir='ltr'><strong>tttttttttttttttttttitta,ltrftttttat‘ttt</strong></span> 
     </span>
     <span class='ocr_line' id='line_1_12' title="bbox 133 1573 1240 1718; baseline 0.005 -27"><span class='ocrx_word' id='word_1_63' title='bbox 133 1650 223 1712; x_wconf 89' lang='lat' dir='ltr'><strong>quam</strong></span> <span class='ocrx_word' id='word_1_64' title='bbox 243 1632 280 1692; x_wconf 89' lang='lat' dir='ltr'><strong>dc</strong></span> <span class='ocrx_word' id='word_1_65' title='bbox 296 1648 397 1694; x_wconf 87' lang='lat' dir='ltr'><strong>amora</strong></span> <span class='ocrx_word' id='word_1_66' title='bbox 418 1635 517 1696; x_wconf 88' lang='lat' dir='ltr'><strong>divino</strong></span> <span class='ocrx_word' id='word_1_67' title='bbox 536 1637 680 1698; x_wconf 85' lang='lat' dir='ltr'><strong>disserere</strong></span> <span class='ocrx_word' id='word_1_68' title='bbox 688 1573 826 1716; x_wconf 64' lang='lat' dir='ltr'><strong>‚pneque’</strong></span> <span class='ocrx_word' id='word_1_69' title='bbox 834 1638 994 1717; x_wconf 84' lang='lat' dir='ltr'><strong>quidquam</strong></span> <span class='ocrx_word' id='word_1_70' title='bbox 1012 1636 1128 1710; x_wconf 79' lang='lat' dir='ltr'><strong>nauus,</strong></span> <span class='ocrx_word' id='word_1_71' title='bbox 1150 1599 1240 1718; x_wconf 69' lang='lat' dir='ltr'><strong>quam</strong></span> 
     </span>
     <span class='ocr_line' id='line_1_13' title="bbox 133 1716 1241 1792; baseline 0.004 -16"><span class='ocrx_word' id='word_1_72' title='bbox 133 1733 203 1776; x_wconf 87' lang='lat' dir='ltr'><strong>eum</strong></span> <span class='ocrx_word' id='word_1_73' title='bbox 229 1716 316 1777; x_wconf 91' lang='lat' dir='ltr'><strong>corde</strong></span> <span class='ocrx_word' id='word_1_74' title='bbox 339 1716 502 1779; x_wconf 80' lang='lat' dir='ltr'><strong>revolvere.</strong></span> <span class='ocrx_word' id='word_1_75' title='bbox 544 1719 659 1781; x_wconf 84' lang='lat' dir='ltr'><strong>Vinium</strong></span> <span class='ocrx_word' id='word_1_76' title='bbox 684 1725 782 1781; x_wconf 88' lang='lat' dir='ltr'><strong>autem</strong></span> <span class='ocrx_word' id='word_1_77' title='bbox 808 1725 974 1782; x_wconf 83' lang='lat' dir='ltr'><strong>nostrarum</strong></span> <span class='ocrx_word' id='word_1_78' title='bbox 999 1721 1169 1792; x_wconf 81' lang='lat' dir='ltr'><strong>tenuitatem</strong></span> <span class='ocrx_word' id='word_1_79' title='bbox 1192 1718 1241 1781; x_wconf 83' lang='lat' dir='ltr'><strong>lain</strong></span> 
     </span>
     <span class='ocr_line' id='line_1_14' title="bbox 132 1799 1239 1883; baseline 0.002 -23"><span class='ocrx_word' id='word_1_80' title='bbox 132 1801 260 1860; x_wconf 80' lang='lat' dir='ltr'><strong>manime</strong></span> <span class='ocrx_word' id='word_1_81' title='bbox 272 1801 416 1864; x_wconf 90' lang='lat' dir='ltr'><strong>sentimus</strong></span> <span class='ocrx_word' id='word_1_82' title='bbox 428 1805 458 1862; x_wconf 90' lang='lat' dir='ltr'><strong>et</strong></span> <span class='ocrx_word' id='word_1_83' title='bbox 471 1799 660 1866; x_wconf 83' lang='lat' dir='ltr'><strong>libentissime</strong></span> <span class='ocrx_word' id='word_1_84' title='bbox 674 1803 863 1882; x_wconf 70' lang='lat' dir='ltr'><strong>profitemura</strong></span> <span class='ocrx_word' id='word_1_85' title='bbox 883 1823 950 1864; x_wconf 89' lang='lat' dir='ltr'><strong>nam</strong></span> <span class='ocrx_word' id='word_1_86' title='bbox 961 1801 1113 1883; x_wconf 84' lang='lat' dir='ltr'><strong>magnifice</strong></span> <span class='ocrx_word' id='word_1_87' title='bbox 1126 1802 1239 1864; x_wconf 91' lang='lat' dir='ltr'><strong>solum-</strong></span> 
     </span>
     <span class='ocr_line' id='line_1_15' title="bbox 132 1883 1240 1966; baseline 0.006 -22"><span class='ocrx_word' id='word_1_88' title='bbox 132 1883 221 1945; x_wconf 88' lang='lat' dir='ltr'><strong>modo</strong></span> <span class='ocrx_word' id='word_1_89' title='bbox 244 1883 280 1946; x_wconf 87' lang='lat' dir='ltr'><strong>dc</strong></span> <span class='ocrx_word' id='word_1_90' title='bbox 301 1883 410 1961; x_wconf 90' lang='lat' dir='ltr'><strong>Spiritu</strong></span> <span class='ocrx_word' id='word_1_91' title='bbox 433 1884 538 1947; x_wconf 83' lang='lat' dir='ltr'><strong>Soneio</strong></span> <span class='ocrx_word' id='word_1_92' title='bbox 562 1887 683 1961; x_wconf 89' lang='lat' dir='ltr'><strong>dicitur,</strong></span> <span class='ocrx_word' id='word_1_93' title='bbox 705 1889 823 1966; x_wconf 88' lang='lat' dir='ltr'><strong>quaudo</strong></span> <span class='ocrx_word' id='word_1_94' title='bbox 840 1889 936 1950; x_wconf 88' lang='lat' dir='ltr'><strong>divina</strong></span> <span class='ocrx_word' id='word_1_95' title='bbox 957 1887 1103 1950; x_wconf 90' lang='lat' dir='ltr'><strong>charitatis</strong></span> <span class='ocrx_word' id='word_1_96' title='bbox 1122 1885 1240 1950; x_wconf 79' lang='lat' dir='ltr'><strong>namma</strong></span> 
     </span>
     <span class='ocr_line' id='line_1_16' title="bbox 132 1967 1238 2051; baseline 0.006 -25"><span class='ocrx_word' id='word_1_97' title='bbox 132 1967 162 2028; x_wconf 90' lang='lat' dir='ltr'><strong>iu</strong></span> <span class='ocrx_word' id='word_1_98' title='bbox 178 1968 266 2028; x_wconf 90' lang='lat' dir='ltr'><strong>corde</strong></span> <span class='ocrx_word' id='word_1_99' title='bbox 284 1984 402 2032; x_wconf 74' lang='lat' dir='ltr'><strong>maenaa</strong></span> <span class='ocrx_word' id='word_1_100' title='bbox 419 1971 512 2032; x_wconf 88' lang='lat' dir='ltr'><strong>totum</strong></span> <span class='ocrx_word' id='word_1_101' title='bbox 528 1973 658 2030; x_wconf 91' lang='lat' dir='ltr'><strong>animum</strong></span> <span class='ocrx_word' id='word_1_102' title='bbox 674 1971 822 2051; x_wconf 85' lang='lat' dir='ltr'><strong>pervadit,</strong></span> <span class='ocrx_word' id='word_1_103' title='bbox 844 1972 963 2050; x_wconf 88' lang='lat' dir='ltr'><strong>implet,</strong></span> <span class='ocrx_word' id='word_1_104' title='bbox 985 1975 1015 2031; x_wconf 91' lang='lat' dir='ltr'><strong>et</strong></span> <span class='ocrx_word' id='word_1_105' title='bbox 1030 1988 1132 2036; x_wconf 86' lang='lat' dir='ltr'><strong>omnes</strong></span> <span class='ocrx_word' id='word_1_106' title='bbox 1150 1971 1238 2033; x_wconf 87' lang='lat' dir='ltr'><strong>animi</strong></span> 
     </span>
     <span class='ocr_line' id='line_1_17' title="bbox 131 2051 1238 2132; baseline 0.002 -20"><span class='ocrx_word' id='word_1_107' title='bbox 131 2051 211 2112; x_wconf 86' lang='lat' dir='ltr'><strong>vires</strong></span> <span class='ocrx_word' id='word_1_108' title='bbox 239 2051 397 2124; x_wconf 64' lang='lat' dir='ltr'><strong>dstmw),</strong></span> <span class='ocrx_word' id='word_1_109' title='bbox 432 2053 471 2112; x_wconf 91' lang='lat' dir='ltr'><strong>ita</strong></span> <span class='ocrx_word' id='word_1_110' title='bbox 492 2057 524 2114; x_wconf 91' lang='lat' dir='ltr'><strong>ut</strong></span> <span class='ocrx_word' id='word_1_111' title='bbox 550 2053 671 2117; x_wconf 85' lang='lat' dir='ltr'><strong>terendo</strong></span> <span class='ocrx_word' id='word_1_112' title='bbox 698 2055 790 2114; x_wconf 87' lang='lat' dir='ltr'><strong>amori</strong></span> <span class='ocrx_word' id='word_1_113' title='bbox 819 2058 914 2116; x_wconf 87' lang='lat' dir='ltr'><strong>anima</strong></span> <span class='ocrx_word' id='word_1_114' title='bbox 941 2056 1038 2132; x_wconf 87' lang='lat' dir='ltr'><strong>impar</strong></span> <span class='ocrx_word' id='word_1_115' title='bbox 1063 2057 1093 2116; x_wconf 89' lang='lat' dir='ltr'><strong>in</strong></span> <span class='ocrx_word' id='word_1_116' title='bbox 1120 2057 1238 2116; x_wconf 87' lang='lat' dir='ltr'><strong>cantum</strong></span> 
     </span>
     <span class='ocr_line' id='line_1_18' title="bbox 132 2135 1240 2214; baseline 0.004 -20"><span class='ocrx_word' id='word_1_117' title='bbox 132 2137 269 2210; x_wconf 85' lang='lat' dir='ltr'><strong>erumpit,</strong></span> <span class='ocrx_word' id='word_1_118' title='bbox 289 2135 458 2213; x_wconf 77' lang='lat' dir='ltr'><strong>ignemque,</strong></span> <span class='ocrx_word' id='word_1_119' title='bbox 477 2153 537 2213; x_wconf 89' lang='lat' dir='ltr'><strong>quo</strong></span> <span class='ocrx_word' id='word_1_120' title='bbox 551 2137 699 2214; x_wconf 90' lang='lat' dir='ltr'><strong>repletur,</strong></span> <span class='ocrx_word' id='word_1_121' title='bbox 721 2137 854 2200; x_wconf 88' lang='lat' dir='ltr'><strong>dulcibus</strong></span> <span class='ocrx_word' id='word_1_122' title='bbox 873 2156 1013 2200; x_wconf 84' lang='lat' dir='ltr'><strong>sonorum</strong></span> <span class='ocrx_word' id='word_1_123' title='bbox 1032 2137 1240 2200; x_wconf 86' lang='lat' dir='ltr'><strong>modulationi-</strong></span> 
     </span>
    </p>
   </div>
   <div class='ocr_carea' id='block_1_5' title="bbox 8 2216 1238 2300">
    <p class='ocr_par' dir='ltr' id='par_1_5' title="bbox 8 2216 1238 2300">
     <span class='ocr_line' id='line_1_19' title="bbox 8 2216 1238 2300; baseline 0.006 -23"><span class='ocrx_word' id='word_1_124' title='bbox 8 2289 12 2296; x_wconf 31' lang='lat'><em>,</em></span> <span class='ocrx_word' id='word_1_125' title='bbox 129 2217 186 2278; x_wconf 93' lang='lat' dir='ltr'><strong>bus</strong></span> <span class='ocrx_word' id='word_1_126' title='bbox 201 2217 324 2278; x_wconf 79' lang='lat' dir='ltr'><strong>effundit</strong></span> <span class='ocrx_word' id='word_1_127' title='bbox 337 2216 375 2294; x_wconf 84' lang='lat'><strong>²),</strong></span> <span class='ocrx_word' id='word_1_128' title='bbox 397 2218 489 2280; x_wconf 89' lang='lat' dir='ltr'><strong>donec</strong></span> <span class='ocrx_word' id='word_1_129' title='bbox 506 2225 535 2282; x_wconf 87' lang='lat' dir='ltr'><strong>et</strong></span> <span class='ocrx_word' id='word_1_130' title='bbox 547 2219 599 2282; x_wconf 91' lang='lat' dir='ltr'><strong>has</strong></span> <span class='ocrx_word' id='word_1_131' title='bbox 616 2225 747 2298; x_wconf 86' lang='lat' dir='ltr'><strong>pertaesa</strong></span> <span class='ocrx_word' id='word_1_132' title='bbox 764 2239 884 2300; x_wconf 89' lang='lat' dir='ltr'><strong>prorsus</strong></span> <span class='ocrx_word' id='word_1_133' title='bbox 901 2221 1078 2300; x_wconf 84' lang='lat' dir='ltr'><strong>eloquendo</strong></span> <span class='ocrx_word' id='word_1_134' title='bbox 1095 2221 1238 2284; x_wconf 82' lang='lat' dir='ltr'><strong>desistens</strong></span> 
     </span>
    </p>
   </div>
   <div class='ocr_carea' id='block_1_6' title="bbox 126 2300 1252 4134">
    <p class='ocr_par' dir='ltr' id='par_1_6' title="bbox 126 2300 1252 4134">
     <span class='ocr_line' id='line_1_20' title="bbox 129 2300 1239 2383; baseline 0.005 -21"><span class='ocrx_word' id='word_1_135' title='bbox 129 2304 160 2362; x_wconf 88' lang='lat' dir='ltr'><strong>in</strong></span> <span class='ocrx_word' id='word_1_136' title='bbox 180 2301 323 2377; x_wconf 82' lang='lat' dir='ltr'><strong>profundo</strong></span> <span class='ocrx_word' id='word_1_137' title='bbox 341 2300 457 2363; x_wconf 87' lang='lat' dir='ltr'><strong>silentio</strong></span> <span class='ocrx_word' id='word_1_138' title='bbox 475 2303 606 2366; x_wconf 89' lang='lat' dir='ltr'><strong>divinum</strong></span> <span class='ocrx_word' id='word_1_139' title='bbox 633 2323 763 2366; x_wconf 90' lang='lat' dir='ltr'><strong>amorem</strong></span> <span class='ocrx_word' id='word_1_140' title='bbox 791 2306 1011 2383; x_wconf 80' lang='lat' dir='ltr'><strong>contemplatur.</strong></span> <span class='ocrx_word' id='word_1_141' title='bbox 1054 2303 1129 2366; x_wconf 89' lang='lat' dir='ltr'><strong>Cum</strong></span> <span class='ocrx_word' id='word_1_142' title='bbox 1151 2305 1239 2383; x_wconf 88' lang='lat' dir='ltr'><strong>igitur</strong></span> 
     </span>
     <span class='ocr_line' id='line_1_21' title="bbox 131 2385 1239 2464; baseline 0.003 -20"><span class='ocrx_word' id='word_1_143' title='bbox 131 2388 239 2446; x_wconf 88' lang='lat' dir='ltr'><strong>amoris</strong></span> <span class='ocrx_word' id='word_1_144' title='bbox 261 2385 351 2463; x_wconf 59' lang='lat' dir='ltr'><strong>modu</strong></span> <span class='ocrx_word' id='word_1_145' title='bbox 375 2386 491 2449; x_wconf 86' lang='lat' dir='ltr'><strong>ubertas</strong></span> <span class='ocrx_word' id='word_1_146' title='bbox 516 2390 660 2448; x_wconf 87' lang='lat' dir='ltr'><strong>sermonis</strong></span> <span class='ocrx_word' id='word_1_147' title='bbox 680 2389 838 2464; x_wconf 87' lang='lat' dir='ltr'><strong>minuitur,</strong></span> <span class='ocrx_word' id='word_1_148' title='bbox 866 2391 904 2452; x_wconf 84' lang='lat' dir='ltr'><strong>ita</strong></span> <span class='ocrx_word' id='word_1_149' title='bbox 926 2391 960 2450; x_wconf 85' lang='lat' dir='ltr'><strong>ut</strong></span> <span class='ocrx_word' id='word_1_150' title='bbox 983 2405 1117 2450; x_wconf 91' lang='lat' dir='ltr'><strong>summus</strong></span> <span class='ocrx_word' id='word_1_151' title='bbox 1141 2387 1239 2450; x_wconf 85' lang='lat' dir='ltr'><strong>ohari-</strong></span> 
     </span>
     <span class='ocr_line' id='line_1_22' title="bbox 131 2467 1237 2550; baseline 0.002 -20"><span class='ocrx_word' id='word_1_152' title='bbox 131 2470 199 2530; x_wconf 86' lang='lat' dir='ltr'><strong>tatis</strong></span> <span class='ocrx_word' id='word_1_153' title='bbox 226 2470 313 2530; x_wconf 91' lang='lat' dir='ltr'><strong>ardor</strong></span> <span class='ocrx_word' id='word_1_154' title='bbox 338 2467 461 2530; x_wconf 89' lang='lat' dir='ltr'><strong>verbum</strong></span> <span class='ocrx_word' id='word_1_155' title='bbox 489 2475 657 2540; x_wconf 87' lang='lat' dir='ltr'><strong>consumat,</strong></span> <span class='ocrx_word' id='word_1_156' title='bbox 691 2473 856 2550; x_wconf 87' lang='lat' dir='ltr'><strong>quomodo,</strong></span> <span class='ocrx_word' id='word_1_157' title='bbox 889 2476 921 2534; x_wconf 92' lang='lat' dir='ltr'><strong>ut</strong></span> <span class='ocrx_word' id='word_1_158' title='bbox 948 2489 999 2550; x_wconf 87' lang='lat' dir='ltr'><strong>par</strong></span> <span class='ocrx_word' id='word_1_159' title='bbox 1025 2476 1088 2546; x_wconf 87' lang='lat' dir='ltr'><strong>est,</strong></span> <span class='ocrx_word' id='word_1_160' title='bbox 1122 2471 1158 2532; x_wconf 89' lang='lat' dir='ltr'><strong>de</strong></span> <span class='ocrx_word' id='word_1_161' title='bbox 1186 2471 1237 2532; x_wconf 88' lang='lat' dir='ltr'><strong>illo</strong></span> 
     </span>
     <span class='ocr_line' id='line_1_23' title="bbox 131 2549 1237 2636; baseline 0.002 -24"><span class='ocrx_word' id='word_1_162' title='bbox 131 2549 303 2632; x_wconf 84' lang='lat' dir='ltr'><strong>loquamur,</strong></span> <span class='ocrx_word' id='word_1_163' title='bbox 325 2554 375 2632; x_wconf 90' lang='lat' dir='ltr'><strong>qui</strong></span> <span class='ocrx_word' id='word_1_164' title='bbox 396 2553 460 2614; x_wconf 88' lang='lat' dir='ltr'><strong>siue</strong></span> <span class='ocrx_word' id='word_1_165' title='bbox 477 2554 567 2616; x_wconf 89' lang='lat' dir='ltr'><strong>modo</strong></span> <span class='ocrx_word' id='word_1_166' title='bbox 585 2559 630 2616; x_wconf 91' lang='lat' dir='ltr'><strong>est</strong></span> <span class='ocrx_word' id='word_1_167' title='bbox 646 2553 826 2635; x_wconf 87' lang='lat' dir='ltr'><strong>diligendus;</strong></span> <span class='ocrx_word' id='word_1_168' title='bbox 847 2555 944 2636; x_wconf 91' lang='lat' dir='ltr'><strong>etqui</strong></span> <span class='ocrx_word' id='word_1_169' title='bbox 963 2560 1060 2616; x_wconf 88' lang='lat' dir='ltr'><strong>tamen</strong></span> <span class='ocrx_word' id='word_1_170' title='bbox 1080 2571 1116 2615; x_wconf 91' lang='lat' dir='ltr'><strong>eo</strong></span> <span class='ocrx_word' id='word_1_171' title='bbox 1130 2553 1237 2616; x_wconf 87' lang='lat' dir='ltr'><strong>clarius</strong></span> 
     </span>
     <span class='ocr_line' id='line_1_24' title="bbox 129 2637 1237 2716; baseline 0.004 -21"><span class='ocrx_word' id='word_1_172' title='bbox 129 2639 328 2712; x_wconf 87' lang='lat' dir='ltr'><strong>cognoscitur,</strong></span> <span class='ocrx_word' id='word_1_173' title='bbox 350 2653 410 2712; x_wconf 93' lang='lat' dir='ltr'><strong>quo</strong></span> <span class='ocrx_word' id='word_1_174' title='bbox 432 2638 523 2714; x_wconf 88' lang='lat' dir='ltr'><strong>magis</strong></span> <span class='ocrx_word' id='word_1_175' title='bbox 545 2640 682 2698; x_wconf 82' lang='lat' dir='ltr'><strong>amaturi</strong></span> <span class='ocrx_word' id='word_1_176' title='bbox 714 2637 801 2700; x_wconf 90' lang='lat' dir='ltr'><strong>Hunc</strong></span> <span class='ocrx_word' id='word_1_177' title='bbox 822 2637 930 2700; x_wconf 89' lang='lat' dir='ltr'><strong>amoris</strong></span> <span class='ocrx_word' id='word_1_178' title='bbox 947 2637 1081 2700; x_wconf 90' lang='lat' dir='ltr'><strong>ardorem</strong></span> <span class='ocrx_word' id='word_1_179' title='bbox 1103 2637 1237 2716; x_wconf 91' lang='lat' dir='ltr'><strong>quamvis</strong></span> 
     </span>
     <span class='ocr_line' id='line_1_25' title="bbox 131 2718 1237 2800; baseline 0.003 -20"><span class='ocrx_word' id='word_1_180' title='bbox 131 2721 216 2780; x_wconf 84' lang='lat' dir='ltr'><strong>enixe</strong></span> <span class='ocrx_word' id='word_1_181' title='bbox 240 2718 422 2797; x_wconf 86' lang='lat' dir='ltr'><strong>precantibus</strong></span> <span class='ocrx_word' id='word_1_182' title='bbox 444 2720 527 2782; x_wconf 91' lang='lat' dir='ltr'><strong>nobis</strong></span> <span class='ocrx_word' id='word_1_183' title='bbox 549 2719 629 2783; x_wconf 80' lang='lat' dir='ltr'><strong>Deus</strong></span> <span class='ocrx_word' id='word_1_184' title='bbox 651 2742 709 2784; x_wconf 92' lang='lat' dir='ltr'><strong>non</strong></span> <span class='ocrx_word' id='word_1_185' title='bbox 730 2725 890 2795; x_wconf 88' lang='lat' dir='ltr'><strong>concessit;</strong></span> <span class='ocrx_word' id='word_1_186' title='bbox 918 2726 1072 2800; x_wconf 90' lang='lat' dir='ltr'><strong>propterea</strong></span> <span class='ocrx_word' id='word_1_187' title='bbox 1097 2725 1237 2800; x_wconf 89' lang='lat' dir='ltr'><strong>tanquam</strong></span> 
     </span>
     <span class='ocr_line' id='line_1_26' title="bbox 129 2803 1235 2882; baseline 0 -18"><span class='ocrx_word' id='word_1_188' title='bbox 129 2803 210 2864; x_wconf 78' lang='lat' dir='ltr'><strong>noeti</strong></span> <span class='ocrx_word' id='word_1_189' title='bbox 226 2803 263 2862; x_wconf 88' lang='lat' dir='ltr'><strong>de</strong></span> <span class='ocrx_word' id='word_1_190' title='bbox 274 2803 404 2864; x_wconf 89' lang='lat' dir='ltr'><strong>colorum</strong></span> <span class='ocrx_word' id='word_1_191' title='bbox 421 2806 572 2878; x_wconf 83' lang='lat' dir='ltr'><strong>varietate,</strong></span> <span class='ocrx_word' id='word_1_192' title='bbox 596 2807 635 2866; x_wconf 90' lang='lat' dir='ltr'><strong>ita</strong></span> <span class='ocrx_word' id='word_1_193' title='bbox 650 2824 703 2868; x_wconf 91' lang='lat' dir='ltr'><strong>nos</strong></span> <span class='ocrx_word' id='word_1_194' title='bbox 721 2806 757 2866; x_wconf 89' lang='lat' dir='ltr'><strong>de</strong></span> <span class='ocrx_word' id='word_1_195' title='bbox 774 2823 874 2882; x_wconf 85' lang='lat' dir='ltr'><strong>amore</strong></span> <span class='ocrx_word' id='word_1_196' title='bbox 889 2803 999 2882; x_wconf 89' lang='lat' dir='ltr'><strong>Spiritu</strong></span> <span class='ocrx_word' id='word_1_197' title='bbox 1015 2803 1235 2878; x_wconf 90' lang='lat' dir='ltr'><strong>balbutiremus,</strong></span> 
     </span>
     <span class='ocr_line' id='line_1_27' title="bbox 129 2885 1236 2966; baseline -0.002 -18"><span class='ocrx_word' id='word_1_198' title='bbox 129 2888 155 2948; x_wconf 90' lang='lat' dir='ltr'><strong>si</strong></span> <span class='ocrx_word' id='word_1_199' title='bbox 177 2887 285 2948; x_wconf 90' lang='lat' dir='ltr'><strong>nostris</strong></span> <span class='ocrx_word' id='word_1_200' title='bbox 308 2886 405 2948; x_wconf 90' lang='lat' dir='ltr'><strong>vcrbis</strong></span> <span class='ocrx_word' id='word_1_201' title='bbox 423 2904 491 2948; x_wconf 90' lang='lat' dir='ltr'><strong>eum</strong></span> <span class='ocrx_word' id='word_1_202' title='bbox 520 2887 684 2951; x_wconf 78' lang='lat' dir='ltr'><strong>desotibere</strong></span> <span class='ocrx_word' id='word_1_203' title='bbox 706 2889 909 2966; x_wconf 84' lang='lat' dir='ltr'><strong>et&#39;explanare</strong></span> <span class='ocrx_word' id='word_1_204' title='bbox 931 2888 1114 2950; x_wconf 88' lang='lat' dir='ltr'><strong>auderemus.</strong></span> <span class='ocrx_word' id='word_1_205' title='bbox 1157 2885 1236 2948; x_wconf 88' lang='lat' dir='ltr'><strong>Con-</strong></span> 
     </span>
     <span class='ocr_line' id='line_1_28' title="bbox 130 2966 1237 3052; baseline -0.003 -18"><span class='ocrx_word' id='word_1_206' title='bbox 130 2969 259 3046; x_wconf 80' lang='lat' dir='ltr'><strong>fugimus</strong></span> <span class='ocrx_word' id='word_1_207' title='bbox 275 2971 362 3046; x_wconf 86' lang='lat' dir='ltr'><strong>igitur</strong></span> <span class='ocrx_word' id='word_1_208' title='bbox 377 2969 413 3031; x_wconf 89' lang='lat' dir='ltr'><strong>ad</strong></span> <span class='ocrx_word' id='word_1_209' title='bbox 430 2969 461 3032; x_wconf 89' lang='lat' dir='ltr'><strong>S.</strong></span> <span class='ocrx_word' id='word_1_210' title='bbox 476 2970 593 3046; x_wconf 88' lang='lat' dir='ltr'><strong>Patres,</strong></span> <span class='ocrx_word' id='word_1_211' title='bbox 616 2973 669 3050; x_wconf 96' lang='lat' dir='ltr'><strong>qui</strong></span> <span class='ocrx_word' id='word_1_212' title='bbox 686 2971 824 3036; x_wconf 88' lang='lat' dir='ltr'><strong>charitate</strong></span> <span class='ocrx_word' id='word_1_213' title='bbox 840 2989 908 3034; x_wconf 90' lang='lat' dir='ltr'><strong>oum</strong></span> <span class='ocrx_word' id='word_1_214' title='bbox 925 2971 988 3034; x_wconf 88' lang='lat' dir='ltr'><strong>Deo</strong></span> <span class='ocrx_word' id='word_1_215' title='bbox 1005 2966 1237 3052; x_wconf 86' lang='lat' dir='ltr'><strong>inseparabiliter</strong></span> 
     </span>
     <span class='ocr_line' id='line_1_29' title="bbox 129 3051 1235 3136; baseline -0.003 -20"><span class='ocrx_word' id='word_1_216' title='bbox 129 3055 220 3128; x_wconf 90' lang='lat' dir='ltr'><strong>uniti,</strong></span> <span class='ocrx_word' id='word_1_217' title='bbox 251 3053 288 3114; x_wconf 91' lang='lat' dir='ltr'><strong>de</strong></span> <span class='ocrx_word' id='word_1_218' title='bbox 312 3051 367 3114; x_wconf 90' lang='lat' dir='ltr'><strong>hoc</strong></span> <span class='ocrx_word' id='word_1_219' title='bbox 386 3056 529 3136; x_wconf 82' lang='lat' dir='ltr'><strong>mysterio</strong></span> <span class='ocrx_word' id='word_1_220' title='bbox 556 3056 652 3133; x_wconf 81' lang='lat' dir='ltr'><strong>ignitis</strong></span> <span class='ocrx_word' id='word_1_221' title='bbox 677 3056 782 3134; x_wconf 90' lang='lat' dir='ltr'><strong>linguis</strong></span> <span class='ocrx_word' id='word_1_222' title='bbox 810 3055 898 3118; x_wconf 87' lang='lat' dir='ltr'><strong>locuti</strong></span> <span class='ocrx_word' id='word_1_223' title='bbox 922 3059 998 3119; x_wconf 85' lang='lat' dir='ltr'><strong>sunt</strong></span> <span class='ocrx_word' id='word_1_224' title='bbox 1032 3055 1082 3122; x_wconf 40' lang='lat' dir='ltr'><strong>,Et</strong></span> <span class='ocrx_word' id='word_1_225' title='bbox 1106 3054 1235 3130; x_wconf 88' lang='lat' dir='ltr'><strong>primum</strong></span> 
     </span>
     <span class='ocr_line' id='line_1_30' title="bbox 129 3135 1235 3218; baseline -0.002 -20"><span class='ocrx_word' id='word_1_226' title='bbox 129 3136 267 3216; x_wconf 86' lang='lat' dir='ltr'><strong>quidem,</strong></span> <span class='ocrx_word' id='word_1_227' title='bbox 296 3137 365 3216; x_wconf 89' lang='lat' dir='ltr'><strong>quid</strong></span> <span class='ocrx_word' id='word_1_228' title='bbox 388 3137 464 3198; x_wconf 88' lang='lat' dir='ltr'><strong>dicat</strong></span> <span class='ocrx_word' id='word_1_229' title='bbox 484 3137 534 3200; x_wconf 88' lang='lat' dir='ltr'><strong>ille</strong></span> <span class='ocrx_word' id='word_1_230' title='bbox 558 3139 675 3218; x_wconf 85' lang='lat' dir='ltr'><strong>insignis</strong></span> <span class='ocrx_word' id='word_1_231' title='bbox 698 3139 752 3200; x_wconf 87' lang='lat' dir='ltr'><strong>Dei</strong></span> <span class='ocrx_word' id='word_1_232' title='bbox 774 3143 886 3202; x_wconf 88' lang='lat' dir='ltr'><strong>amator</strong></span> <span class='ocrx_word' id='word_1_233' title='bbox 907 3135 989 3210; x_wconf 79' lang='lat' dir='ltr'><strong>lione</strong></span> <span class='ocrx_word' id='word_1_234' title='bbox 1012 3135 1036 3210; x_wconf 80' lang='lat'><strong>⁸)</strong></span> <span class='ocrx_word' id='word_1_235' title='bbox 1051 3136 1235 3208; x_wconf 85' lang='lat' dir='ltr'><strong>audiamus:</strong></span> 
     </span>
     <span class='ocr_line' id='line_1_31' title="bbox 128 3219 1234 3368; baseline -0.001 -4"><span class='ocrx_word' id='word_1_236' title='bbox 128 3219 471 3364; x_wconf 51' lang='lat' dir='ltr'><strong>minutulam</strong></span> <span class='ocrx_word' id='word_1_237' title='bbox 490 3222 750 3368; x_wconf 63' lang='lat' dir='ltr'><strong>latitanti</strong></span> <span class='ocrx_word' id='word_1_238' title='bbox 767 3219 1234 3368; x_wconf 59' lang='lat' dir='ltr'><strong>“ltltttltlltltiett</strong></span> 
     </span>
     <span class='ocr_line' id='line_1_32' title="bbox 128 3383 1234 3468; baseline -0.003 -20"><span class='ocrx_word' id='word_1_239' title='bbox 128 3385 223 3448; x_wconf 90' lang='lat' dir='ltr'><strong>abeo</strong></span> <span class='ocrx_word' id='word_1_240' title='bbox 246 3385 404 3460; x_wconf 88' lang='lat' dir='ltr'><strong>habemus,</strong></span> <span class='ocrx_word' id='word_1_241' title='bbox 434 3387 484 3466; x_wconf 90' lang='lat' dir='ltr'><strong>qui</strong></span> <span class='ocrx_word' id='word_1_242' title='bbox 511 3389 600 3449; x_wconf 82' lang='lat' dir='ltr'><strong>dirlt=</strong></span> <span class='ocrx_word' id='word_1_243' title='bbox 642 3387 721 3449; x_wconf 90' lang='lat' dir='ltr'><strong>Deus</strong></span> <span class='ocrx_word' id='word_1_244' title='bbox 743 3387 865 3450; x_wconf 89' lang='lat' dir='ltr'><strong>charitas</strong></span> <span class='ocrx_word' id='word_1_245' title='bbox 890 3393 935 3450; x_wconf 90' lang='lat' dir='ltr'><strong>est</strong></span> <span class='ocrx_word' id='word_1_246' title='bbox 957 3383 1059 3468; x_wconf 87' lang='lat' dir='ltr'><strong>etqui</strong></span> <span class='ocrx_word' id='word_1_247' title='bbox 1082 3389 1180 3452; x_wconf 89' lang='lat' dir='ltr'><strong>manet</strong></span> <span class='ocrx_word' id='word_1_248' title='bbox 1204 3387 1234 3446; x_wconf 91' lang='lat' dir='ltr'><strong>in</strong></span> 
     </span>
     <span class='ocr_line' id='line_1_33' title="bbox 128 3469 1234 3553; baseline 0 -23"><span class='ocrx_word' id='word_1_249' title='bbox 128 3469 284 3545; x_wconf 87' lang='lat' dir='ltr'><strong>charitate,</strong></span> <span class='ocrx_word' id='word_1_250' title='bbox 306 3471 336 3531; x_wconf 92' lang='lat' dir='ltr'><strong>in</strong></span> <span class='ocrx_word' id='word_1_251' title='bbox 354 3470 416 3532; x_wconf 89' lang='lat' dir='ltr'><strong>Deo</strong></span> <span class='ocrx_word' id='word_1_252' title='bbox 432 3476 545 3546; x_wconf 87' lang='lat' dir='ltr'><strong>manet,</strong></span> <span class='ocrx_word' id='word_1_253' title='bbox 568 3476 598 3533; x_wconf 89' lang='lat' dir='ltr'><strong>et</strong></span> <span class='ocrx_word' id='word_1_254' title='bbox 614 3469 694 3532; x_wconf 84' lang='lat' dir='ltr'><strong>Deus</strong></span> <span class='ocrx_word' id='word_1_255' title='bbox 712 3473 742 3532; x_wconf 92' lang='lat' dir='ltr'><strong>in</strong></span> <span class='ocrx_word' id='word_1_256' title='bbox 761 3491 806 3534; x_wconf 89' lang='lat' dir='ltr'><strong>en.</strong></span> <span class='ocrx_word' id='word_1_257' title='bbox 842 3473 875 3535; x_wconf 94' lang='lat' dir='ltr'><strong>ln</strong></span> <span class='ocrx_word' id='word_1_258' title='bbox 893 3475 957 3552; x_wconf 92' lang='lat' dir='ltr'><strong>ipso</strong></span> <span class='ocrx_word' id='word_1_259' title='bbox 975 3487 1049 3553; x_wconf 91' lang='lat' dir='ltr'><strong>puro</strong></span> <span class='ocrx_word' id='word_1_260' title='bbox 1069 3474 1099 3531; x_wconf 91' lang='lat' dir='ltr'><strong>et</strong></span> <span class='ocrx_word' id='word_1_261' title='bbox 1116 3473 1234 3531; x_wconf 82' lang='lat' dir='ltr'><strong>summo</strong></span> 
     </span>
     <span class='ocr_line' id='line_1_34' title="bbox 127 3553 1252 3642; baseline -0.001 -28"><span class='ocrx_word' id='word_1_262' title='bbox 127 3553 205 3614; x_wconf 89' lang='lat' dir='ltr'><strong>bono</strong></span> <span class='ocrx_word' id='word_1_263' title='bbox 228 3555 263 3614; x_wconf 92' lang='lat' dir='ltr'><strong>ab</strong></span> <span class='ocrx_word' id='word_1_264' title='bbox 285 3558 401 3614; x_wconf 88' lang='lat' dir='ltr'><strong>aeterno</strong></span> <span class='ocrx_word' id='word_1_265' title='bbox 413 3555 504 3617; x_wconf 83' lang='lat' dir='ltr'><strong>Amor</strong></span> <span class='ocrx_word' id='word_1_266' title='bbox 526 3554 579 3615; x_wconf 89' lang='lat' dir='ltr'><strong>luit</strong></span> <span class='ocrx_word' id='word_1_267' title='bbox 603 3557 634 3616; x_wconf 89' lang='lat' dir='ltr'><strong>et</strong></span> <span class='ocrx_word' id='word_1_268' title='bbox 656 3557 739 3636; x_wconf 88' lang='lat' dir='ltr'><strong>quasi</strong></span> <span class='ocrx_word' id='word_1_269' title='bbox 762 3557 836 3636; x_wconf 85' lang='lat' dir='ltr'><strong>ignis</strong></span> <span class='ocrx_word' id='word_1_270' title='bbox 857 3573 974 3634; x_wconf 88' lang='lat' dir='ltr'><strong>semper</strong></span> <span class='ocrx_word' id='word_1_271' title='bbox 995 3555 1113 3624; x_wconf 88' lang='lat' dir='ltr'><strong>ardens,</strong></span> <span class='ocrx_word' id='word_1_272' title='bbox 1136 3555 1252 3642; x_wconf 17' lang='lat' dir='ltr'><strong>omnia·</strong></span> 
     </span>
     <span class='ocr_line' id='line_1_35' title="bbox 127 3638 1234 3717; baseline -0.004 -19"><span class='ocrx_word' id='word_1_273' title='bbox 127 3638 288 3698; x_wconf 88' lang='lat' dir='ltr'><strong>accendens</strong></span> <span class='ocrx_word' id='word_1_274' title='bbox 310 3640 388 3697; x_wconf 86' lang='lat' dir='ltr'><strong>et-in</strong></span> <span class='ocrx_word' id='word_1_275' title='bbox 408 3655 440 3698; x_wconf 90' lang='lat' dir='ltr'><strong>so</strong></span> <span class='ocrx_word' id='word_1_276' title='bbox 461 3641 676 3702; x_wconf 81' lang='lat' dir='ltr'><strong>transmutans.</strong></span> <span class='ocrx_word' id='word_1_277' title='bbox 705 3639 751 3700; x_wconf 84' lang='lat' dir='ltr'><strong>Ex</strong></span> <span class='ocrx_word' id='word_1_278' title='bbox 774 3659 809 3702; x_wconf 90' lang='lat' dir='ltr'><strong>eo</strong></span> <span class='ocrx_word' id='word_1_279' title='bbox 831 3640 927 3714; x_wconf 87' lang='lat' dir='ltr'><strong>enim,</strong></span> <span class='ocrx_word' id='word_1_280' title='bbox 949 3639 1026 3717; x_wconf 93' lang='lat' dir='ltr'><strong>quod</strong></span> <span class='ocrx_word' id='word_1_281' title='bbox 1048 3638 1127 3698; x_wconf 89' lang='lat' dir='ltr'><strong>Deus</strong></span> <span class='ocrx_word' id='word_1_282' title='bbox 1148 3651 1234 3696; x_wconf 87' lang='lat' dir='ltr'><strong>suam</strong></span> 
     </span>
     <span class='ocr_line' id='line_1_36' title="bbox 127 3719 1233 3799; baseline -0.001 -17"><span class='ocrx_word' id='word_1_283' title='bbox 127 3719 269 3782; x_wconf 87' lang='lat' dir='ltr'><strong>infinitam</strong></span> <span class='ocrx_word' id='word_1_284' title='bbox 292 3719 535 3799; x_wconf 90' lang='lat' dir='ltr'><strong>pulchritudinem</strong></span> <span class='ocrx_word' id='word_1_285' title='bbox 557 3727 587 3782; x_wconf 90' lang='lat' dir='ltr'><strong>et</strong></span> <span class='ocrx_word' id='word_1_286' title='bbox 608 3723 809 3785; x_wconf 82' lang='lat' dir='ltr'><strong>excellentiam</strong></span> <span class='ocrx_word' id='word_1_287' title='bbox 831 3725 975 3798; x_wconf 89' lang='lat' dir='ltr'><strong>intuetur,</strong></span> <span class='ocrx_word' id='word_1_288' title='bbox 1005 3723 1098 3785; x_wconf 86' lang='lat' dir='ltr'><strong>oritur</strong></span> <span class='ocrx_word' id='word_1_289' title='bbox 1118 3721 1148 3779; x_wconf 94' lang='lat' dir='ltr'><strong>in</strong></span> <span class='ocrx_word' id='word_1_290' title='bbox 1168 3721 1233 3798; x_wconf 86' lang='lat' dir='ltr'><strong>ipso</strong></span> 
     </span>
     <span class='ocr_line' id='line_1_37' title="bbox 126 3802 1233 3950; baseline -0.003 -84"><span class='ocrx_word' id='word_1_291' title='bbox 126 3802 275 3866; x_wconf 88' lang='lat' dir='ltr'><strong>infinitum</strong></span> <span class='ocrx_word' id='word_1_292' title='bbox 295 3807 403 3866; x_wconf 88' lang='lat' dir='ltr'><strong>amoris</strong></span> <span class='ocrx_word' id='word_1_293' title='bbox 422 3805 603 3878; x_wconf 88' lang='lat' dir='ltr'><strong>incendium,</strong></span> <span class='ocrx_word' id='word_1_294' title='bbox 621 3825 685 3950; x_wconf 61' lang='lat' dir='ltr'><strong>quo</strong></span> <span class='ocrx_word' id='word_1_295' title='bbox 706 3805 793 3868; x_wconf 92' lang='lat' dir='ltr'><strong>Pater</strong></span> <span class='ocrx_word' id='word_1_296' title='bbox 813 3824 845 3867; x_wconf 90' lang='lat' dir='ltr'><strong>se</strong></span> <span class='ocrx_word' id='word_1_297' title='bbox 865 3808 964 3888; x_wconf 90' lang='lat' dir='ltr'><strong>ipsum</strong></span> <span class='ocrx_word' id='word_1_298' title='bbox 986 3809 1016 3866; x_wconf 93' lang='lat' dir='ltr'><strong>et</strong></span> <span class='ocrx_word' id='word_1_299' title='bbox 1034 3802 1141 3865; x_wconf 88' lang='lat' dir='ltr'><strong>Filium</strong></span> <span class='ocrx_word' id='word_1_300' title='bbox 1162 3820 1180 3863; x_wconf 90' lang='lat' dir='ltr'><strong>a</strong></span> <span class='ocrx_word' id='word_1_301' title='bbox 1200 3821 1233 3864; x_wconf 91' lang='lat' dir='ltr'><strong>se</strong></span> 
     </span>
     <span class='ocr_line' id='line_1_38' title="bbox 126 3887 1234 3969; baseline 0 -21"><span class='ocrx_word' id='word_1_302' title='bbox 126 3889 258 3966; x_wconf 88' lang='lat' dir='ltr'><strong>genitum</strong></span> <span class='ocrx_word' id='word_1_303' title='bbox 283 3887 393 3967; x_wconf 86' lang='lat' dir='ltr'><strong>diligit:</strong></span> <span class='ocrx_word' id='word_1_304' title='bbox 421 3906 599 3969; x_wconf 88' lang='lat' dir='ltr'><strong>rursumque</strong></span> <span class='ocrx_word' id='word_1_305' title='bbox 645 3889 712 3951; x_wconf 88' lang='lat' dir='ltr'><strong>ilius</strong></span> <span class='ocrx_word' id='word_1_306' title='bbox 735 3891 857 3952; x_wconf 90' lang='lat' dir='ltr'><strong>eandem</strong></span> <span class='ocrx_word' id='word_1_307' title='bbox 883 3893 913 3952; x_wconf 91' lang='lat' dir='ltr'><strong>in</strong></span> <span class='ocrx_word' id='word_1_308' title='bbox 934 3887 1052 3951; x_wconf 89' lang='lat' dir='ltr'><strong>Patrem</strong></span> <span class='ocrx_word' id='word_1_309' title='bbox 1074 3889 1234 3965; x_wconf 83' lang='lat' dir='ltr'><strong>reciprocat</strong></span> 
     </span>
     <span class='ocr_line' id='line_1_39' title="bbox 127 3970 1232 4052; baseline -0.002 -20"><span class='ocrx_word' id='word_1_310' title='bbox 127 3970 330 4044; x_wconf 87' lang='lat' dir='ltr'><strong>dilectionem,</strong></span> <span class='ocrx_word' id='word_1_311' title='bbox 352 3989 408 4050; x_wconf 92' lang='lat' dir='ltr'><strong>qua</strong></span> <span class='ocrx_word' id='word_1_312' title='bbox 430 3975 542 4033; x_wconf 88' lang='lat' dir='ltr'><strong>tanturn</strong></span> <span class='ocrx_word' id='word_1_313' title='bbox 563 3971 649 4040; x_wconf 90' lang='lat' dir='ltr'><strong>illum</strong></span> <span class='ocrx_word' id='word_1_314' title='bbox 669 3976 763 4044; x_wconf 89' lang='lat' dir='ltr'><strong>amat,</strong></span> <span class='ocrx_word' id='word_1_315' title='bbox 779 3978 926 4052; x_wconf 89' lang='lat' dir='ltr'><strong>quantum</strong></span> <span class='ocrx_word' id='word_1_316' title='bbox 944 3975 1037 4036; x_wconf 88' lang='lat' dir='ltr'><strong>amari</strong></span> <span class='ocrx_word' id='word_1_317' title='bbox 1056 3973 1160 4052; x_wconf 91' lang='lat' dir='ltr'><strong>dignus</strong></span> <span class='ocrx_word' id='word_1_318' title='bbox 1178 3974 1232 4046; x_wconf 90' lang='lat' dir='ltr'><strong>est,</strong></span> 
     </span>
     <span class='ocr_line' id='line_1_40' title="bbox 126 4053 1233 4134; baseline -0.002 -18"><span class='ocrx_word' id='word_1_319' title='bbox 126 4053 184 4116; x_wconf 89' lang='lat' dir='ltr'><strong>hoc</strong></span> <span class='ocrx_word' id='word_1_320' title='bbox 217 4060 281 4129; x_wconf 91' lang='lat' dir='ltr'><strong>est,</strong></span> <span class='ocrx_word' id='word_1_321' title='bbox 323 4053 452 4118; x_wconf 88' lang='lat' dir='ltr'><strong>infinitus</strong></span> <span class='ocrx_word' id='word_1_322' title='bbox 488 4053 607 4120; x_wconf 89' lang='lat' dir='ltr'><strong>infinite.</strong></span> <span class='ocrx_word' id='word_1_323' title='bbox 666 4055 723 4126; x_wconf 83' lang='lat' dir='ltr'><strong>Hic</strong></span> <span class='ocrx_word' id='word_1_324' title='bbox 759 4061 857 4120; x_wconf 83' lang='lat' dir='ltr'><strong>sutem</strong></span> <span class='ocrx_word' id='word_1_325' title='bbox 893 4061 1013 4118; x_wconf 85' lang='lat' dir='ltr'><strong>mutuus</strong></span> <span class='ocrx_word' id='word_1_326' title='bbox 1047 4074 1130 4121; x_wconf 89' lang='lat' dir='ltr'><strong>amor</strong></span> <span class='ocrx_word' id='word_1_327' title='bbox 1163 4054 1233 4134; x_wconf 89' lang='lat' dir='ltr'><strong>Spi-</strong></span> 
     </span>
    </p>
   </div>
   <div class='ocr_carea' id='block_1_7' title="bbox 133 4193 242 4204">
    <p class='ocr_par' dir='ltr' id='par_1_7' title="bbox 133 4193 242 4204">
     <span class='ocr_line' id='line_1_41' title="bbox 133 4193 242 4204; baseline 0 0"><span class='ocrx_word' id='word_1_328' title='bbox 133 4193 242 4204; x_wconf 58' lang='lat' dir='ltr'><strong>—u—-n</strong></span> 
     </span>
    </p>
   </div>
   <div class='ocr_carea' id='block_1_8' title="bbox 162 4263 1231 4507">
    <p class='ocr_par' dir='ltr' id='par_1_8' title="bbox 162 4263 1231 4507">
     <span class='ocr_line' id='line_1_42' title="bbox 164 4263 1046 4332; baseline 0.007 -18"><span class='ocrx_word' id='word_1_329' title='bbox 164 4263 196 4329; x_wconf 88' lang='lat'><strong>1)</strong></span> <span class='ocrx_word' id='word_1_330' title='bbox 214 4265 337 4331; x_wconf 68' lang='lat' dir='ltr'><strong>dulgent.</strong></span> <span class='ocrx_word' id='word_1_331' title='bbox 355 4264 387 4316; x_wconf 88' lang='lat' dir='ltr'><strong>ad</strong></span> <span class='ocrx_word' id='word_1_332' title='bbox 405 4265 517 4318; x_wconf 89' lang='lat' dir='ltr'><strong>Traslm.</strong></span> <span class='ocrx_word' id='word_1_333' title='bbox 535 4268 598 4332; x_wconf 83' lang='lat' dir='ltr'><strong>neg.</strong></span> <span class='ocrx_word' id='word_1_334' title='bbox 617 4267 663 4322; x_wconf 88' lang='lat' dir='ltr'><strong>lib.</strong></span> <span class='ocrx_word' id='word_1_335' title='bbox 681 4268 718 4322; x_wconf 88' lang='grc' dir='ltr'><strong>ΙΙ.</strong></span> <span class='ocrx_word' id='word_1_336' title='bbox 736 4280 758 4320; x_wconf 81' lang='lat' dir='ltr'><strong>a.</strong></span> <span class='ocrx_word' id='word_1_337' title='bbox 776 4267 851 4320; x_wconf 79' lang='lat' dir='ltr'><strong>XIX.</strong></span> <span class='ocrx_word' id='word_1_338' title='bbox 868 4280 894 4332; x_wconf 88' lang='lat' dir='ltr'><strong>p.</strong></span> <span class='ocrx_word' id='word_1_339' title='bbox 911 4265 971 4320; x_wconf 74' lang='lat' dir='ltr'><strong>tid.</strong></span> <span class='ocrx_word' id='word_1_340' title='bbox 1044 4303 1046 4308; x_wconf 88' lang='lat'>-</span> 
     </span>
     <span class='ocr_line' id='line_1_43' title="bbox 162 4347 1231 4427; baseline 0.003 -23"><span class='ocrx_word' id='word_1_341' title='bbox 162 4349 197 4417; x_wconf 79' lang='lat'><strong>2)</strong></span> <span class='ocrx_word' id='word_1_342' title='bbox 216 4351 255 4406; x_wconf 84' lang='lat' dir='ltr'><strong>cr.</strong></span> <span class='ocrx_word' id='word_1_343' title='bbox 276 4347 413 4408; x_wconf 60' lang='lat' dir='ltr'><strong>&amp;ithaci</strong></span> <span class='ocrx_word' id='word_1_344' title='bbox 432 4349 523 4418; x_wconf 68' lang='lat' dir='ltr'><strong>„dicta</strong></span> <span class='ocrx_word' id='word_1_345' title='bbox 540 4351 644 4425; x_wconf 76' lang='lat' dir='ltr'><strong>tstttgat</strong></span> <span class='ocrx_word' id='word_1_346' title='bbox 665 4351 802 4427; x_wconf 61' lang='lat' dir='ltr'><strong>admeto</strong></span> <span class='ocrx_word' id='word_1_347' title='bbox 821 4355 878 4410; x_wconf 83' lang='lat' dir='ltr'><strong>tib.</strong></span> <span class='ocrx_word' id='word_1_348' title='bbox 896 4355 942 4409; x_wconf 80' lang='lat' dir='ltr'><strong>tv.</strong></span> <span class='ocrx_word' id='word_1_349' title='bbox 959 4354 1045 4413; x_wconf 83' lang='lat' dir='ltr'><strong>Praat.</strong></span> <span class='ocrx_word' id='word_1_350' title='bbox 1062 4367 1089 4420; x_wconf 82' lang='lat' dir='ltr'><strong>p.</strong></span> <span class='ocrx_word' id='word_1_351' title='bbox 1107 4352 1159 4418; x_wconf 72' lang='lat' dir='ltr'><strong>tit</strong></span> <span class='ocrx_word' id='word_1_352' title='bbox 1176 4366 1231 4419; x_wconf 83' lang='lat' dir='ltr'><strong>seq.</strong></span> 
     </span>
     <span class='ocr_line' id='line_1_44' title="bbox 163 4435 791 4507; baseline 0.024 -18"><span class='ocrx_word' id='word_1_353' title='bbox 163 4435 196 4505; x_wconf 81' lang='lat'><strong>³)</strong></span> <span class='ocrx_word' id='word_1_354' title='bbox 214 4439 264 4494; x_wconf 78' lang='lat' dir='ltr'><strong>Via</strong></span> <span class='ocrx_word' id='word_1_355' title='bbox 283 4439 425 4507; x_wconf 79' lang='lat' dir='ltr'><strong>compend.</strong></span> <span class='ocrx_word' id='word_1_356' title='bbox 443 4440 476 4495; x_wconf 89' lang='lat' dir='ltr'><strong>ad</strong></span> <span class='ocrx_word' id='word_1_357' title='bbox 494 4444 578 4497; x_wconf 82' lang='lat' dir='ltr'><strong>Deum</strong></span> <span class='ocrx_word' id='word_1_358' title='bbox 596 4456 620 4498; x_wconf 83' lang='lat' dir='ltr'><strong>a.</strong></span> <span class='ocrx_word' id='word_1_359' title='bbox 637 4443 700 4504; x_wconf 78' lang='lat' dir='ltr'><strong>XX·</strong></span> <span class='ocrx_word' id='word_1_360' title='bbox 717 4457 744 4502; x_wconf 79' lang='lat'><strong>11·</strong></span> <span class='ocrx_word' id='word_1_361' title='bbox 763 4443 791 4504; x_wconf 75' lang='lat'><strong>2·</strong></span> 
     </span>
    </p>
   </div>
   <div class='ocr_carea' id='block_1_9' title="bbox 0 0 1460 4936">
    <p class='ocr_par' dir='ltr' id='par_1_9' title="bbox 0 0 1460 4936">
     <span class='ocr_line' id='line_1_45' title="bbox 0 0 1460 4936; baseline 0 3"><span class='ocrx_word' id='word_1_362' title='bbox 0 0 1460 4936; x_wconf 95' lang='lat' dir='ltr'><strong> </strong></span> 
     </span>
    </p>
   </div>
  </div>
 </body>
</html>
