2910 4936
739 255 784 319 5⁴2

204 457 281 518 rlum
301 459 390 529 tenet,
412 453 551 514 altissima
565 456 654 512 virtus
671 449 849 527 appellatur,
882 467 972 529 aprrrrm
995 453 1128 530 majestas
1150 451 1201 513 Dei
1227 466 1314 525 prae·

204 543 305 602 sertim
323 543 352 600 in
369 537 592 600 sanctificatione
617 534 825 595 manifestetur.

288 623 329 683 Ex
348 623 404 695 his,
427 639 501 699 quae
519 621 655 690 diximus,
676 619 773 677 videre
793 617 867 687 licet,
890 621 918 676 in
936 635 1007 679 oceo
1026 616 1149 680 Foedere
1167 617 1314 694 Spiritum

202 712 352 777 sanctum,
383 707 416 766 ut
429 721 560 766 amorem
576 703 683 778 magis,
706 717 794 778 quam
813 705 846 761 ut
862 704 1041 764 tremendam
1063 701 1239 780 majestatem
1261 721 1315 780 ap-

224 791 350 852 πεῖθ’.

203 809 222 870 p
284 787 341 933 SeA
359 869 583 948 magnitudinem
603 869 689 926 etiam
719 868 830 926 divinae
856 869 1013 928 sanctitatis
1039 867 1310 927 animadvertimus.

203 956 269 1018 Alia
283 957 359 1015 enim
379 954 424 1012 lex
446 970 537 1029 quum
557 951 603 1010 die
623 951 803 1011 Pentecostes
817 949 975 1031 daretur²)‚
999 950 1045 1010 lex
1056 951 1179 1028 Spiritus
1193 954 1271 1011 vitae
1285 955 1316 1011 in

204 1039 320 1100 Christo
344 1039 427 1097 Rom.
458 1036 537 1105 Vlll,
566 1033 606 1104 2,
630 1035 713 1093 sicuti
738 1038 812 1094 inter
835 1035 974 1112 fragorem
1000 1035 1159 1094 tonitruum
1183 1039 1212 1092 et
1233 1037 1317 1112 ignes

206 1123 352 1200 fulgurum
366 1139 418 1197 per
436 1135 538 1177 manus
556 1116 733 1194 Angelorum
745 1120 773 1176 in
793 1119 871 1178 Sinai
893 1118 939 1177 lex
958 1117 1151 1179 statuebatur:
1173 1119 1212 1178 ita
1226 1119 1316 1178 etiam

204 1212 272 1265 tunc
286 1203 359 1264 facto
373 1220 444 1262 sono
465 1206 601 1278 tanquam
626 1200 802 1261 advenientis
819 1203 943 1278 Spiritus
965 1201 1144 1260 vehementis
1172 1205 1201 1261 et
1220 1218 1313 1278 appa-

205 1287 333 1347 rentibus
365 1285 468 1364 linguis
491 1283 649 1361 dispertitis
672 1288 809 1360 tanquam
835 1287 891 1362 igni
908 1283 970 1346 Act.
997 1285 1038 1355 ll,
1061 1283 1091 1345 2.
1113 1283 1141 1344 3.
1184 1284 1315 1359 Spiritus

203 1372 332 1440 advenit,
366 1371 519 1448 puritatem
546 1371 574 1427 et
602 1365 779 1442 majestatem
809 1385 892 1428 suam
924 1367 1094 1446 significans.
1136 1365 1216 1428 Deus
1235 1370 1315 1426 enim

203 1471 377 1514 consumens
395 1453 468 1530 ignis
484 1458 528 1511 est
549 1449 637 1510 Hebr.
656 1451 723 1521 xtt,
743 1451 803 1518 29„
826 1453 876 1511 sed
895 1469 1068 1512 consumens
1085 1456 1210 1528 peccata,
1234 1451 1315 1510 labes

204 1542 233 1596 et
241 1537 383 1596 tenebras.
404 1535 557 1594 Terrorem
568 1534 686 1612 quidem
696 1535 890 1611 magnitudine
899 1532 1250 1611 manifestationisiujecit,
1263 1553 1312 1595 ve-

187 1639 270 1680 ¹rum
287 1619 408 1696 illapsus
419 1623 464 1678 est
479 1617 708 1694 nonutSpiritus
722 1619 878 1688 servitutis,
896 1620 946 1679 sed
955 1623 987 1677 ut
998 1619 1122 1695 Spiritus
1139 1619 1309 1694 adoptionis.
1428 1675 1429 1678 ,

205 1704 297 1764 Amor
306 1721 377 1763 eum
387 1703 473 1773 misit,
481 1701 659 1773 amorveuit,
668 1717 797 1760 amorem
808 1701 895 1774 dedit,
905 1706 1005 1762 etcum
1015 1703 1313 1774 amoresanctitatem,

205 1790 303 1864 itaque
312 1804 369 1846 non
380 1783 525 1845 timendus
536 1782 669 1858 amplius,
687 1783 737 1843 sed
746 1786 885 1845 amandus
897 1790 926 1844 ot
937 1789 1088 1862 exoptatus
1101 1785 1315 1844 etinstantibus

206 1870 341 1948 precibus
352 1870 504 1944 expetitus.
527 1867 679 1942 Redempti
694 1867 771 1926 enim
788 1885 890 1928 sumus
902 1870 1040 1946 sanguine
1051 1866 1122 1940 Filii,
1138 1871 1167 1926 et
1181 1869 1235 1946 ipsi
1248 1867 1314 1930 Filii

208 1953 272 2013 Ilei.
316 1951 471 2026 Propterea
490 1968 545 2008 non
559 1949 721 2010 accedimus
734 1950 768 2008 ad
790 1951 967 2011 tractabilem
991 1957 1118 2010 montem
1133 1954 1163 2010 et
1185 1953 1314 2012 accensi-

206 2036 297 2096 bilem
314 2037 410 2111 ignem
427 2036 457 2091 et
476 2031 636 2102 turbinem,
657 2035 686 2091 et
705 2030 855 2110 caliginem
878 2037 907 2092 et
929 2034 1086 2110 procellam
1110 2038 1139 2094 et
1160 2036 1247 2095 tubae
1265 2051 1313 2096 so·
1428 2097 1429 2108 ,

121 2161 123 2164 -
205 2136 275 2179 num
292 2124 322 2176 et
341 2133 442 2175 vocem
461 2114 616 2174 verborum
630 2161 647 2186 „
664 2133 752 2193 quam
772 2119 822 2192 qui
842 2119 1002 2186 audierunt,
1032 2124 1246 2178 excusaverunt
1271 2136 1311 2190 se,
1428 2115 1429 2164 l

206 2221 243 2264 ue
259 2201 301 2260 eis
315 2199 396 2259 fieret
410 2199 546 2267 verbum:
570 2217 626 2257 non
645 2199 721 2257 enim
738 2199 902 2276 portabant,
925 2202 1002 2278 quod
1021 2201 1168 2260 dicebatur
1196 2235 1236 2244 —
1260 2202 1312 2261 sed

121 2349 125 2357 ,
201 2285 369 2345 accedimus
386 2284 420 2342 ad
433 2282 500 2342 Sion
515 2286 642 2341 montem
656 2286 684 2342 et
700 2283 844 2342 civitatem
860 2283 910 2342 Dei
922 2285 1053 2355 viventis,
1075 2283 1237 2344 Jerusalem
1251 2303 1313 2344 coe·

206 2368 310 2429 lestem
326 2371 355 2426 et
373 2365 532 2426 multorum
554 2364 679 2424 millium
698 2365 875 2441 Angelorum
895 2365 1087 2442 frequentiam
1105 2371 1134 2426 et
1153 2367 1314 2428 Ecclesiam

209 2453 439 2528 primitivorum,
472 2449 521 2526 qui
539 2449 691 2525 conscripti
719 2453 787 2507 sunt
813 2452 840 2508 in
865 2450 969 2521 coelis,
985 2457 1013 2509 et
1033 2451 1160 2528 judicem
1182 2452 1313 2510 omnium

208 2535 303 2594 Deum
321 2539 350 2592 et
367 2533 490 2609 Spiritus
505 2529 651 2610 justorum
669 2530 862 2607 perlectorum
882 2537 911 2591 et
928 2537 1089 2594 testamenti
1114 2537 1180 2593 novi
1204 2535 1314 2595 media·

207 2624 301 2678 torem
319 2619 418 2676 lesum
436 2614 524 2674 Hebr.
545 2615 613 2683 Xll,
637 2611 707 2673 18-
719 2613 769 2675 25.

293 2697 346 2760 Ubi
365 2717 436 2758 vero
455 2696 543 2757 bomo
559 2715 610 2757 cor
626 2697 748 2757 obdurat
765 2705 794 2758 et
812 2700 956 2758 instinctui
970 2693 1093 2776 Spiritus
1112 2700 1236 2770 resistit,
1260 2705 1319 2760 ter·

208 2783 321 2844 ribilenr
350 2799 468 2860 quoque
492 2799 523 2840 se
541 2781 664 2841 ostendit
686 2789 715 2840 et
743 2781 838 2842 scelus
866 2782 1022 2842 subitaneis
1049 2783 1173 2842 vindicat
1200 2786 1317 2860 poenis:
1428 2761 1429 2784 ἶ

210 2868 295 2940 „Non
317 2885 349 2926 es
372 2868 508 2925 mentitus
529 2864 710 2936 bominibuS,
744 2865 794 2923 sed
815 2865 906 2926 De0.“
950 2865 1079 2925 Audiens
1097 2865 1224 2926 Ananias
1246 2867 1318 2926 haec

209 2951 297 3011 verba
312 2949 414 3009 cecidit
426 2951 456 3008 et
472 2949 623 3024 expiravit.
648 2981 688 2992 -
711 2945 808 3020 „Quia
830 2952 929 3028 utique
942 2952 1075 3008 convenit
1093 2948 1182 3018 vobis,
1207 2954 1319 3019 tentare

211 3035 349 3111 Spiritum
359 3028 500 3092 Domini?
543 3031 619 3090 Ecce
633 3031 721 3108 pedes
734 3047 844 3103 eorum,
867 3035 915 3110 qui
928 3031 1105 3108 sepelierunt
1118 3033 1214 3091 virum
1228 3038 1321 3106 tuum,

214 3118 248 3176 nd
275 3121 381 3178 ostium
400 3120 428 3174 et
456 3113 576 3173 efferent
599 3119 657 3178 te.“
702 3111 859 3175 Confestim
881 3116 982 3177 cecidit
1002 3115 1121 3193 Sapbira
1146 3117 1322 3193 antepedes

220 3199 284 3277 ejus
299 3205 328 3258 et
345 3199 485 3276 expiravit
503 3200 567 3268 Act.
588 3195 621 3268 V,
645 3195 759 3262 5-10.

298 3283 335 3342 Et
353 3285 518 3360 quicunque
540 3280 642 3340 dixerit
661 3281 782 3341 verbum
807 3284 904 3341 contra
929 3280 1036 3340 Filium
1058 3279 1194 3352 hominis,
1218 3285 1323 3344 remit·

216 3370 294 3426 tetur
310 3367 346 3434 ei,
369 3367 418 3442 qui
436 3369 533 3424 autem
554 3364 658 3423 dixerit
674 3369 770 3424 contra
787 3363 926 3442 Spiritum
950 3370 1098 3437 sanctum,
1121 3383 1177 3425 non
1194 3369 1322 3426 remitte·

216 3449 319 3517 turoi,
343 3465 438 3524 neque
451 3451 479 3507 in
498 3444 553 3506 hoc
569 3447 694 3518 saeculo,
717 3465 811 3524 neque
824 3448 852 3506 in
874 3447 972 3506 futuro
989 3445 1091 3507 Mattb.
1109 3449 1178 3520 xlt,
1202 3447 1253 3509 32.
1280 3452 1319 3510 lta

217 3533 342 3610 Spiritus
356 3532 444 3590 sancti
463 3532 660 3607 contemptum
675 3535 790 3589 aeterna
804 3548 881 3590 mors
898 3533 1039 3607 sequitur.

299 3613 443 3688 Quartum
462 3613 586 3690 denique
601 3630 673 3689 opus
690 3610 733 3693 (ut
748 3631 885 3674 numerus
904 3614 1092 3691 compleatur,
1114 3616 1163 3691 qui
1176 3617 1205 3674 in
1218 3633 1322 3690 corpo·

219 3697 347 3770 ratibus,
370 3702 403 3757 ut
422 3698 565 3756 ternarius
585 3697 611 3754 in
633 3695 839 3772 spiritualibus,
859 3714 1004 3756 summam
1025 3696 1229 3774 perlectionem
1255 3716 1323 3775 prae
1428 3739 1429 3744 κ

217 3798 248 3839 se
268 3782 345 3840 forre
359 3776 474 3862 dicitur)
490 3779 526 3838 ad
546 3778 627 3839 illum
640 3779 777 3850 decurrit,
796 3775 845 3839 ¹cui
858 3782 984 3857 primum
1002 3779 1181 3841 adscribitur.
1226 3779 1322 3852 Pater,

218 3865 267 3940 qui
278 3865 427 3936 suscitavit
439 3864 538 3922 Jesum
550 3860 696 3922 Christum
714 3880 730 3921 a
745 3865 875 3931 mortuis,
898 3861 1051 3923 vivificabit
1063 3870 1091 3924 et
1108 3865 1240 3924 mortalia
1258 3883 1322 3925 cor-

215 3961 288 4023 pora
314 3952 410 4007 nostra
438 3963 490 4023 per
518 3943 724 4005 inhabitantem
737 3946 876 4024 Spiritum
894 3945 956 4023 ejus
980 3947 1009 4004 in
1034 3946 1116 4006 nobis
1138 3949 1223 4008 Rom.
1242 3948 1321 4018 Vlll,

219 4028 277 4100 11.,
296 4029 442 4088 suscitabit
453 4048 504 4089 nos
522 4029 718 4104 peroirtotem
732 4047 814 4088 suam
833 4030 843 4090 l
861 4027 927 4089 Cor.
940 4029 989 4101 Vl,
1007 4029 1054 4092 ll.
1073 4031 1101 4090 in
1119 4028 1233 4091 Christo
1249 4029 1321 4091 Phil.

219 4113 271 4186 lll,
292 4109 353 4182 21..
376 4115 468 4188 quiet
488 4115 613 4192 ipse'nos
630 4112 776 4173 suscitabit
794 4113 877 4174 Joan.
896 4113 945 4180 Vl.
963 4109 1030 4180 29„
1052 4129 1068 4170 a
1083 4112 1166 4189 cujus
1184 4113 1321 4193 (Domini)

253 4245 838 4336 omniummusanm

254 4355 281 4420 2)
301 4358 406 4415 Eodem.
426 4368 478 4419 que
498 4355 537 4408 tax
556 4357 582 4406 fu
599 4357 670 4410 Sinai
689 4359 855 4416 statuebatur,
870 4358 918 4409 dte.
