2910 4936
660 217 799 355 29ἱ

131 481 206 558 Quis
228 501 282 546 nos
303 481 448 562 separabit
468 499 485 542 a
506 479 644 544 charitate
665 479 914 560 Christi‘lneque
935 496 1029 548 mors,
1050 492 1146 557 neque
1167 477 1237 550 vita,

131 585 229 646 neque
251 567 371 646 Angeli,
402 585 497 644 neque
518 568 718 645 principatus,
741 583 837 644 neque
858 568 990 625 creatura
1011 561 1108 642 aliqua
1131 560 1237 636 poterit

130 670 185 712 nos
207 669 341 730 separare
363 668 379 710 a
401 648 539 711 charitate
560 649 633 724 Dei,
664 667 738 728 quae
760 655 804 710 est
825 652 854 709 in
870 646 985 709 Christo
1001 644 1088 716 Jcm,
1110 644 1237 706 Domino

132 738 244 796 uostro.
289 735 357 813 lpso
376 733 494 811 juvante
516 739 668 812 praecepta
685 732 841 794 Salvatoris
863 747 1013 793 servamus
1034 734 1064 790 et
1084 744 1238 790 manemus

131 821 161 880 in
184 819 355 889 dilectione,
376 817 452 877 sicut
474 821 504 877 et
524 813 658 878 Christus
677 814 761 877 Jonas
783 815 875 876 Patris
896 816 942 875 sui
963 816 1115 891 praecepta
1136 829 1238 875 serra·

132 901 182 962 hat
203 906 233 962 et
254 903 283 962 in
312 899 375 980 ejus
397 899 551 961 dilectione
583 901 727 960 mouebat.
756 902 838 962 toan.
859 896 936 972 XV,
969 897 1018 958 10.
1060 897 1135 957 Eam
1157 896 1235 957 enim

130 985 300 1047 charitatem
313 986 489 1063 accepimus,
506 987 538 1044 nt
556 982 607 1044 lilii
620 984 674 1044 Dei
686 986 870 1044 nominemur
880 987 910 1042 et
920 983 1012 1042 simus
1031 982 1134 1042 llosn.
1143 980 1195 1048 ΙΙΙ,
1209 975 1236 1038 1.

131 1074 161 1130 et
181 1071 210 1130 in
232 1067 288 1130 hoo
318 1069 448 1142 scimus,
482 1068 617 1143 quoniam
647 1071 744 1126 manet
771 1067 801 1126 in
823 1065 905 1126 nobis
927 1064 1026 1138 Deus,
1059 1064 1096 1124 de
1117 1063 1235 1138 Spiritu,

131 1170 220 1232 quem
243 1152 322 1212 dedit
350 1150 434 1212 nobis
457 1151 507 1222 ΙΙΙ,
528 1148 580 1210 al.
602 1149 652 1223 ΙΙΙ,
676 1149 726 1210 13.
768 1149 803 1210 ln
828 1150 931 1226 spiritu
953 1149 1040 1225 igitur
1060 1147 1235 1207 clamamus:

130 1235 215 1296 Abba
233 1230 339 1318 (Pater)
354 1235 440 1295 Rom.
449 1232 530 1306 Vlll,
552 1231 684 1308 15.16.,
704 1234 808 1312 cogniti
824 1251 841 1294 a
860 1233 922 1293 Deo
942 1233 956 1293 Ι
972 1229 1039 1292 Cor.
1055 1229 1140 1303 Xlll,
1162 1228 1190 1288 3.
1208 1231 1238 1289 et

132 1319 191 1378 nati
214 1337 249 1378 ex
270 1317 334 1380 Deo
355 1324 382 1378 et
403 1321 610 1396 cognoscentes
632 1315 726 1377 Deum
747 1318 859 1379 ltoan.
873 1314 922 1388 lV,
944 1315 974 1374 7.
994 1314 1135 1392 Spiritum
1157 1315 1235 1374 enim

131 1401 294 1478 adoptionis
325 1405 490 1479 accepimus
525 1398 589 1461 Gal.
609 1401 659 1472 ΙΙΙ,
681 1399 721 1474 6.,
754 1402 783 1462 in
811 1419 869 1478 quo
897 1403 926 1460 et
956 1398 1059 1460 iratres
1090 1395 1237 1474 diligimus

130 1485 218 1545 Rom.
232 1483 298 1558 XV,
321 1483 370 1544 30.
393 1485 421 1546 ΙΙ
437 1481 565 1557 Cor.Vl,
588 1482 616 1543 6.
639 1485 726 1545 Rom.
743 1485 779 1558 V,
802 1481 832 1543 5.
853 1489 883 1544 et
902 1482 1054 1562 diligentes
1074 1482 1103 1541 in
1125 1478 1236 1540 lumine

130 1567 194 1646 ejus
216 1583 369 1628 manemus
391 1568 404 1630 l
423 1567 504 1628 Joan.
518 1567 554 1636 ΙΙ,
578 1565 664 1648 10¹).

213 1648 289 1711 Cum
316 1653 393 1711 enim
414 1649 461 1712 hic
481 1651 606 1728 Spiritus
638 1652 773 1730 spiritum
804 1648 972 1711 rationalem
1004 1647 1109 1720 intrat,
1143 1646 1236 1725 ipsius

131 1733 269 1795 allectum
291 1734 390 1795 divino
408 1735 511 1795 ardore
534 1733 706 1808 inflammat,
728 1737 757 1794 et
777 1733 813 1794 sd
836 1734 1021 1811 proprietatis
1042 1749 1113 1792 suae
1133 1729 1237 1791 simili·

131 1816 263 1877 tudinem‘
284 1816 487 1891 transformat,
510 1822 543 1877 ut
563 1821 670 1879 auctori
693 1836 748 1879 suo
769 1833 920 1889 amorem,
947 1834 1035 1895 quem
1056 1815 1161 1885 debet,
1183 1831 1235 1878 ex·

129 1899 237 1960 hibeal.
281 1900 357 1961 Nam
380 1903 476 1963 omnis
496 1918 578 1962 amor
599 1902 672 1979 ignis
695 1905 756 1973 est,
778 1901 830 1960 sed
852 1902 925 1978 ignis
946 1897 1115 1977 spiritualis.
1148 1896 1235 1972 Quod

130 1987 230 2045 autem
251 1981 319 2044 lacit
340 1985 498 2062 corporalis
520 1985 592 2063 ignis
613 1986 687 2045 circa
708 1984 834 2058 ferrum,
863 1983 918 2044 hoc
938 1984 1005 2061 agit·
1017 1981 1065 2042 hic
1085 1981 1177 2060 ignis,
1196 1980 1236 2040 de

129 2085 189 2145 quo
211 2068 351 2145 dicimus,
374 2070 449 2129 circa
471 2086 521 2129 cor
542 2067 678 2141 foedum,
701 2067 835 2146 trigidum
853 2072 882 2128 et
899 2068 1023 2138 durum3
1045 2070 1073 2126 el
1092 2066 1127 2125 ad
1149 2062 1236 2140 hujus

129 2152 204 2227 ignis
225 2151 437 2213 immissionem
457 2154 572 2212 animus
593 2151 739 2211 humanus
761 2169 877 2211 omnem
899 2151 1095 2228 nigredinem,
1124 2147 1235 2225 frigidi·

129 2237 228 2306 tatem,
250 2233 386 2296 duritiem
410 2235 559 2312 paullatim
582 2235 701 2313 deponit
721 2240 752 2294 et
772 2237 848 2294 lotus
868 2236 897 2294 in
914 2233 991 2311 ejus,
1013 2251 1107 2310 aquo
1122 2231 1235 2292 inllam-

129 2322 242 2388 matur,
266 2317 484 2378 similitudinem
505 2319 608 2378 transit
618 2315 655 2393 ²).
685 2314 783 2390 Quum
806 2335 874 2395 ergo
895 2319 1027 2378 omnium
1049 2315 1235 2378 affectionum

128 2399 211 2461 solus
232 2417 317 2460 amor
338 2406 367 2462 et
385 2405 413 2463 in
434 2401 590 2462 Decetia
610 2400 730 2462 homine
751 2403 789 2462 sit
810 2405 838 2460 ei
859 2401 946 2461 simul
968 2402 1006 2460 sit
1026 2403 1055 2460 et
1076 2404 1235 2475 utrumque

127 2484 281 2562 conjungat
304 2481 381 2566 (uam
393 2485 454 2545 Deo
468 2485 614 2562 judicante
631 2484 722 2546 homo
739 2483 892 2562 judicatus,
914 2484 976 2544 Deo
995 2486 1134 2544 irascente
1145 2481 1235 2543 homo

128 2567 255 2638 timens,
287 2565 350 2629 Deo
371 2575 485 2630 amante
506 2574 536 2628 et
561 2568 624 2644 ipse
644 2585 744 2628 amans
767 2564 922 2650 invenitur)
934 2563 957 2651 ³)
970 2585 985 2626 :-
1007 2565 1132 2643 Spiritus
1151 2583 1235 2627 amor

128 2650 209 2710 illius
230 2651 423 2713 circulationis
445 2652 492 2713 rel
514 2651 706 2730 regyrationis
737 2656 935 2713 creaturarum
959 2648 1066 2732 (omnia
1089 2649 1167 2710 onim
1188 2665 1235 2710 re·

128 2738 282 2794 vertuntur
299 2737 373 2796 sicut
389 2738 417 2796 in
436 2733 524 2794 finem
535 2737 564 2795 in
577 2735 621 2808 id,
642 2753 730 2814 aquo
740 2738 814 2796 sicut
826 2753 842 2794 a
855 2734 996 2812 principio
1017 2735 1197 2811 prodierunt)
1208 2731 1233 2811 *Ι

127 2822 158 2878 et
179 2824 311 2878 centrum
332 2823 378 2880 est
398 2824 427 2879 et
448 2823 628 2893 extremum,
660 2823 690 2879 et
715 2819 829 2880 initium
852 2823 880 2879 et
902 2816 977 2878 finis.
1019 2817 1066 2878 Ad
1087 2817 1147 2876 ima
1168 2834 1234 2892 per·

128 2903 228 2980 tingit,
259 2918 345 2979 supra
368 2919 469 2963 omnes
499 2901 598 2963 coelos
630 2901 796 2975 extollitur,
827 2903 924 2964 omnia
945 2902 1066 2979 implet,
1095 2899 1234 2973 calefacit,

127 2983 273 3045 vivificat:
296 2984 349 3046 Dei
372 2984 583 3064 hominumque
603 2985 754 3047 vinculum
776 2985 913 3059 firmum,
935 2988 1066 3046 omnium
1090 2988 1234 3044 creatura

127 3085 212 3139 rum,
241 3072 300 3128 taur
325 3069 520 3148 Angelorum,
552 3087 639 3146 quam
666 3067 816 3131 hominum
846 3086 939 3130 nexus
970 3065 1138 3148 spiritualis.
1178 3067 1234 3129 Per

127 3167 196 3210 eum
218 3149 351 3213 Christus
384 3156 412 3212 iu
443 3152 525 3213 nohis
557 3155 586 3212 et
616 3169 668 3214 uos
697 3156 730 3230 in
747 3151 862 3214 Christo
892 3151 957 3214 Gal.
979 3153 1035 3224 lV,
1058 3149 1088 3210 6.
1119 3150 1147 3211 ΙΙ
1165 3148 1232 3211 Cor.

128 3236 171 3306 V,
195 3231 243 3294 il.
276 3235 353 3312 Eph.
376 3238 433 3305 ΙΙΙ,
464 3235 523 3309 19,
555 3239 691 3314 tanquam
721 3235 772 3296 lilii
802 3237 962 3314 adoptionis
992 3253 1058 3296 cum
1090 3231 1150 3294 lilio
1179 3251 1232 3294 ua·

127 3316 213 3377 turali
246 3321 334 3391 uniti,
366 3322 393 3379 in
416 3318 532 3380 Christo
554 3324 650 3379 autem
682 3338 748 3380 cum
771 3319 873 3391 Patre3
904 3318 1027 3381 habetur
1047 3317 1125 3378 enim
1149 3315 1233 3381 Pater

126 3403 156 3462 iu
179 3401 269 3472 Filio,
291 3401 382 3462 Filius
403 3405 431 3462 in
447 3402 556 3479 Spiritu
577 3407 685 3464 sancto.
730 3405 795 3482 lpse
814 3401 961 3464 Ecclesiae
983 3404 1080 3465 omnia
1101 3402 1232 3463 membra

125 3485 257 3562 pervadit
279 3486 357 3545 etin
379 3503 470 3545 unum
493 3485 615 3562 colligit,
636 3489 716 3547 unita
738 3487 916 3564 cumcupite
936 3483 1025 3560 Iaso,
1045 3484 1144 3546 Jcsom
1164 3503 1230 3546 cum

125 3567 189 3628 Deo
210 3567 363 3647 conjungit.
387 3568 464 3646 liph.
484 3571 528 3641 ll,
552 3568 684 3630 15-19.
717 3569 765 3644 lV,
788 3569 880 3630 3-6.
913 3570 986 3630 Phil.
1010 3572 1039 3642 l,
1061 3569 1121 3631 27,
1136 3570 1178 3640 ΙΙ,
1201 3568 1231 3632 l.

126 3653 139 3712 l
161 3650 227 3712 Cor.
246 3651 313 3723 Xll‚
338 3651 469 3712 10-13.
491 3654 576 3714 Rom.
598 3651 674 3727 Xll,
697 3653 789 3715 3-8.
832 3653 912 3714 Siout
933 3655 1010 3713 enim
1033 3653 1156 3734 Spiritus
1177 3651 1230 3717 ho·

126 3736 213 3795 minis
234 3736 379 3795 mediante
399 3739 492 3814 capite
513 3737 548 3796 ad
571 3737 701 3798 membra
722 3737 892 3800 vivificanda
914 3738 1076 3812 descendit,
1104 3738 1144 3799 sic
1166 3739 1231 3818 Spi-

163 3892 195 3958 1)
213 3893 286 3946 Haec
312 3899 353 3946 est
377 3894 421 3946 illa
441 3896 578 3956 chumaea,
606 3909 684 3960 quam
703 3894 847 3961 Apostolus
866 3899 959 3949 Petrus
978 3899 999 3950 Ι.
1018 3899 1067 3962 Ep.
1088 3900 1115 3955 l,
1144 3897 1170 3949 7.
1197 3900 1230 3951 ab

126 3994 219 4033 amora
239 3983 361 4046 materno
383 3982 531 4046 distinguit,
557 3984 603 4036 illa
621 3985 751 4046 charitas,
776 3996 843 4048 quae
862 3986 997 4037 anathema
1016 4000 1074 4038 esse
1093 3999 1107 4037 a
1126 3988 1229 4040 Christo

124 4081 172 4132 pro
190 4069 312 4120 iratribus
331 4075 410 4134 optat
429 4073 506 4123 lions·
525 4073 571 4130 lx,
591 4071 617 4126 3.
638 4073 669 4123 ci.
688 4071 781 4124 licor.
794 4075 842 4132 xl,
861 4072 904 4126 29.
922 4073 973 4128 rid.
994 4089 1051 4141 sup.
1068 4079 1098 4130 Ρ.
1115 4076 1136 4127 Ι.
1155 4075 1183 4142 5.
1201 4074 1229 4134 2.

125 4167 148 4206 a.
168 4154 189 4207 Ι.
208 4162 234 4206 et
251 4169 274 4206 a.
297 4157 346 4208 ΙΙΙ.
677 4154 681 4159 ’
851 4161 854 4166 “

72 4265 84 4280 -
162 4241 191 4307 2)
208 4243 333 4296 Biclara.
352 4245 416 4319 Vtct.
434 4243 523 4297 Trinlt
544 4247 560 4297 l.
580 4247 625 4298 Vl.
646 4260 670 4304 c,
688 4248 760 4300 xiv.

161 4328 189 4387 3)
208 4331 233 4379 S.
249 4331 380 4382 Bemord
399 4332 480 4384 Serm.
494 4332 644 4386 lxxxiii.
666 4348 691 4386 n.
711 4335 736 4386 Ι.
755 4341 771 4385 ι.
791 4335 811 4386 Ι.
830 4349 855 4400 p.
875 4335 953 4390 1360.

160 4412 341 4484 blastum.
361 4417 389 4472 iu
407 4419 429 4472 1.
440 4419 511 4472 Sont.
529 4418 562 4472 Ι).
574 4420 646 4478 XIV·
664 4421 696 4486 Q.
716 4421 752 4474 ΙΙ.
771 4434 794 4476 a.
813 4423 839 4475 2.
