2910 4936
672 293 718 360 69

146 495 235 571 igitur
245 493 331 554 modo
342 491 467 572 Spiritus
475 493 601 552 animam
611 491 647 550 ad
655 490 853 569 recipiendum
864 505 897 550 sc
905 495 1069 570 praeparat
1091 492 1244 564 incutiens,

145 583 181 641 nt
201 580 242 640 ait
262 577 428 638 Bernardus
442 570 473 656 ¹),
497 576 748 654 compunctionem
769 577 890 646 terrore,
913 574 978 634 dein
999 574 1150 635 dulcedine
1172 593 1245 651 qua·

146 663 216 722 dam
245 660 305 740 spei
332 677 396 719 eam
426 659 559 736 replens,
591 675 644 737 per
675 675 763 734 quam
794 655 967 718 fiducialiter
996 658 1067 717 nihil
1097 658 1245 722 haesitan-

146 751 192 806 tes
223 743 403 824 postulemus
433 738 638 841 (supplicatio)
669 746 698 800 et
725 739 844 801 tandem
874 741 1067 802 remissionem
1087 741 1245 801 advocatus

145 828 224 908 apud
246 827 363 886 Patrem
386 825 520 885 allercos.
562 823 598 886 Ο
628 823 686 900 μὲν
709 819 765 884 οὖν
787 825 914 904 πρῶτος
938 825 1132 902 aaaspog
1117 845 1134 894 η
1158 818 1245 903 μετα

147 923 194 988 φο
187 911 257 990 ’βου
275 908 491 977 διδασκαλία,
514 905 593 964 dd‘
576 929 613 977 ην
631 907 830 986 ἀπεχόμεθα
852 911 910 977 τῆς
928 905 1070 974 ἀδικίας·
1092 905 1244 987 δεύτερος

147 992 228 1052 nt‘
213 1015 230 1062 a
256 987 366 1065 ἐλπὶς,
388 989 469 1049 δι’
452 1012 490 1062 ην
514 989 678 1069 ἐφιέμεθα
699 995 766 1050 τῶν
792 989 986 1068 βελτίστων·
1004 989 1136 1050 acheloo
1161 987 1243 1058 dia}

148 1076 280 1155 ἀγάπη,
310 1075 348 1148 ὡς
381 1075 549 1153 προσῆκόν
577 1073 669 1142 ἐστι,
691 1076 878 1152 prouocauit
904 1070 960 1142 ἤδη
988 1067 1244 1154 παιδεύουσαῖ).

149 1158 326 1236 «Siquis,>›
356 1159 448 1234 inquit
479 1157 509 1217 S.
540 1157 684 1216 Antonius
696 1152 735 1239 ³),
774 1155 916 1215 «exuerit
947 1173 1064 1214 omnem
1094 1155 1245 1234 pulverem

146 1241 350 1318 hujuscemodi
381 1242 521 1300 materiae
552 1243 582 1298 et
603 1239 850 1299 abrenuntiaverit
878 1239 904 1296 ei
935 1242 965 1298 et
986 1241 1064 1298 omni
1085 1239 1244 1317 operationi

85 1337 91 1342 “
149 1323 212 1402 ejus
233 1344 269 1385 ex
289 1327 349 1383 toto
371 1323 466 1396 corde,
489 1323 657 1402 expanderit
678 1340 782 1382 manus
814 1321 906 1382 cordis
928 1339 1047 1382 sursum
1069 1322 1104 1381 ad
1126 1323 1245 1381 univer-

149 1427 248 1469 sorum
269 1408 385 1468 Patrem
409 1411 437 1466 et
459 1408 521 1503 ipsc
535 1406 695 1468 visceribus
706 1408 859 1465 moveatur
880 1407 956 1464 circa
982 1405 1110 1465 laborem
1132 1402 1194 1480 ejus
1215 1409 1244 1464 et

148 1492 236 1551 donat
257 1493 283 1550 ei
304 1490 506 1550 invisibilem'
498 1507 610 1587 ignem,
642 1491 692 1566 qui
714 1488 864 1548 comburet
892 1505 1009 1550 omnem
1031 1487 1244 1548 immunditiem

147 1575 185 1636 ab
208 1593 242 1635 eo
263 1577 293 1634 et
314 1573 533 1670 principalem'
525 1591 621 1653 ipsum
643 1591 823 1651 expurgans3
852 1575 921 1631 tunc
949 1570 1090 1650 Spiritum
1111 1573 1244 1630 sanctum

145 1658 235 1718 saciet
256 1657 390 1718 habitare
412 1652 562 1717 nobiscum
583 1660 612 1716 et
633 1657 675 1716 sic
697 1673 852 1735 possumus
875 1655 1006 1716 habitare
1028 1655 1105 1734 apud
1126 1653 1244 1714 Patrem

146 1743 224 1804 sicut
245 1743 366 1819 oportet.
378 1764 394 1796 >³

211 1823 344 1884 llaecrr
316 1825 404 1899 igitur
424 1824 492 1885 unio
513 1841 604 1901 quum
625 1823 781 1901 praecipue
802 1821 999 1902 superioribus
1021 1821 1108 1882 animi
1102 1818 1246 1880 'faculta-

145 1907 226 1967 tibus
248 1907 424 1987 perficiatur,
446 1925 565 1966 necesse
586 1909 639 1977 est,
661 1909 694 1968 ut
715 1905 864 1965 inferiores
884 1905 932 1965 vel
946 1906 1063 1964 omnino
1084 1905 1244 1981 quiescant,

146 1991 195 2052 vel
217 2009 233 2050 3
254 1993 366 2050 ratione
387 1993 467 2050 recta
489 1990 633 2068 pendeant
655 1989 718 2071 (jus
721 1990 786 2048 titio
806 1984 981 2071 originalis).
1009 1987 1172 2063 Utrumque
1191 2005 1244 2046 au·

147 2077 209 2132 tem
230 2074 451 2134 mortificatione
472 2073 637 2151 perficitur,
671 2091 728 2150 qua
750 2091 853 2144 omne,
886 2073 961 2150 quod
984 2073 1046 2132 Deo
1067 2071 1244 2130 contrarium

146 2161 193 2216 est
215 2176 248 2216 ac
271 2158 418 2227 dissimile,
440 2158 642 2230 exstinguitur.
684 2155 778 2215 Tollat
798 2157 998 2232 unusquisque
1014 2173 1126 2215 crucem
1146 2155 1176 2222 ct
1197 2172 1243 2213 se-

147 2243 256 2316 quatur
277 2242 445 2300 Dominum.
483 2237 584 2299 Solum
615 2240 668 2300 sub
697 2257 783 2299 cruce
804 2238 928 2316 Spiritus
950 2239 1066 2297 Domini
1087 2238 1243 2300 invenitur.

146 2323 305 2383 Humilitas
328 2343 398 2384 vero
420 2342 455 2382 ex
478 2323 550 2395 illis,
581 2341 656 2397 quae
687 2322 937 2402 supradiximus,
969 2323 1119 2398 sequitur,
1151 2324 1184 2382 ut
1207 2321 1244 2380 sit

146 2408 271 2466 conditio
294 2403 334 2488 (si
358 2409 397 2466 ita
419 2407 497 2482 loqui
519 2401 604 2489 licet)
627 2408 760 2482 negativa
791 2406 971 2483 praescntiae
994 2404 1118 2482 Spiritus
1140 2405 1242 2464 sancti.

147 2490 230 2550 Licet
252 2491 314 2569 ipsa
335 2490 443 2550 donum
456 2490 581 2568 Spiritus
603 2491 639 2548 sit
661 2493 690 2550 et
712 2489 746 2549 ad
767 2488 964 2567 recipiendum
987 2492 1016 2548 et
1038 2487 1242 2566 possidendum

147 2571 290 2650 Spiritum
311 2591 346 2632 ea
367 2573 459 2633 idonei
481 2573 655 2645 reddamur,
685 2573 792 2632 etenim
814 2572 939 2650 Spiritus
960 2571 1103 2641 humileS‚
1137 2570 1243 2647 quibus

149 2655 198 2714 dat
220 2657 352 2750 gratiam,
375 2660 441 2715 ante
463 2656 600 2716 datam⁰
582 2618 705 2753 gratham
727 2656 851 2716 humiles
872 2671 928 2714 non
942 2654 1062 2728 invenit,
1085 2653 1136 2714 sed
1150 2653 1244 2712 dando

148 2741 272 2812 gratiam
282 2725 420 2802 humiles
440 2739 518 2812 lacit,
541 2744 569 2799 et
591 2739 695 2799 hauc
687 2757 779 2819 ipsam
801 2740 924 2814 gratiam
946 2738 1026 2798 Deus
1047 2740 1243 2816 pergratiam

148 2822 287 2894 donata
268 2824 452 2900 qutuisqnis
474 2842 539 2882 eam
561 2824 715 2902 acceperit,
736 2823 854 2883 humilis
874 2818 974 2901 flatu:
995 2825 1093 2880 tamen
1115 2839 1167 2918 per
1187 2820 1243 2879 hu-

148 2905 240 2966 milita
242 2908 300 2964 tem
323 2906 464 2984 Spiritum
485 2909 599 2985 proprie
620 2925 676 2966 non
699 2907 890 2983 possidemus.
932 2903 1054 2966 Unimur
1075 2905 1153 2962 enim
1175 2921 1243 2963 cum

147 2991 210 3067 ipso
232 3007 283 3066 per
300 2989 384 3068 fidem
406 2991 641 3062 strictitatem
663 2987 754 3066 major
775 2995 872 3049 autem
895 2987 1000 3047 harum
1023 2987 1115 3047 charit
1103 2991 1159 3046 tas.
1188 2985 1247 3046 Ubl

147 3073 225 3130 enim
248 3090 313 3130 cum
336 3073 393 3132 side
414 3073 540 3132 charitas
563 3090 618 3131 non
641 3075 695 3145 est,
718 3090 908 3150 quaecunque
924 3071 996 3131 dona
1008 3069 1134 3149 Spiritus
1150 3070 1243 3132 sancti

147 3173 212 3214 esse
234 3158 371 3232 possunt3
402 3157 464 3233 ipsc
491 3175 561 3216 vero
589 3155 714 3234 Spiritus
745 3159 863 3215 sanctus
891 3173 956 3214 esse
983 3171 1039 3214 non
1069 3155 1179 3232 potest3
1209 3171 1243 3213 33

147 3257 199 3316 per
221 3237 275 3297 hoc
297 3239 366 3297 nihil
388 3239 505 3317 prodest
518 3240 640 3298 illorum
663 3239 801 3300 donorum
824 3240 957 3314 largitas,
985 3237 1035 3298 ubi
1060 3239 1100 3296 sic
1128 3236 1242 3312 aliquod

146 3321 254 3396 donum
276 3320 401 3400 Spiritus
423 3322 563 3396 habetur,
591 3326 625 3382 ut
647 3324 708 3400 ipse
730 3322 855 3401 Spiritus
876 3340 931 3381 non
953 3315 1135 3399 habeatur³).
1168 3317 1243 3378 Cha·

145 3405 233 3463 ritate
254 3423 324 3464 vero
346 3423 398 3464 nos
420 3407 447 3462 in
470 3407 531 3484 ipso
552 3406 688 3476 vivimus,
710 3407 771 3484 ipse
793 3408 821 3465 in
843 3405 926 3465 nobis
946 3408 1057 3480 regnat.
1089 3403 1164 3462 Nam
1180 3405 1242 3481 ipsa

145 3489 192 3546 est
213 3489 322 3562 gratiae
344 3488 550 3549 sanctificantis
573 3490 714 3560 allectus,
736 3490 791 3548 nisi
812 3489 890 3548 hanc
905 3490 934 3547 in
955 3506 989 3548 ea
1011 3488 1170 3549 consistere
1199 3486 1243 3543 di-

147 3573 348 3643 cenomania,
372 3590 430 3647 qua
453 3571 496 3653 (ut
517 3571 610 3632 lorma
632 3573 759 3649 quadam
781 3567 979 3668 substantiali)
1003 3573 1129 3631 animam
1152 3569 1243 3648 Spiri-

145 3655 194 3712 tus
216 3657 352 3725 exornat,
373 3658 406 3714 ut
428 3657 637 3716 commercium
659 3667 783 3716 cumea
804 3655 1036 3716 familiaremire
1058 3654 1159 3735 possit.

143 3765 457 3780 ——n

199 3807 224 3866 1)
244 3807 323 3856 Serm.
342 3805 369 3854 in
387 3805 491 3854 Pentec.
509 3805 529 3854 Ι.
548 3820 574 3856 n.
594 3806 618 3856 s.
637 3807 667 3856 cl.
686 3807 766 3868 Epist.
787 3805 908 3858 cv11.n.
927 3803 952 3856 6.

196 3889 223 3952 2)
243 3891 346 3940 Primus
368 3891 461 3952 gradus
482 3892 581 3941 umoris
604 3893 753 3956 disciplina,
772 3905 912 3955 perquam
931 3891 963 3942 ab
984 3889 1107 3952 injustitia
1130 3890 1241 3940 abstine·

146 3990 220 4038 mus3
239 3978 301 4027 alter
317 3989 390 4038 spec,
409 3991 460 4038 qua
478 3991 609 4027 summum
626 3980 724 4043 bonum
749 3980 937 4036 desideramus,
956 3979 1065 4040 perlecta
1083 3985 1167 4028 entem
1183 3979 1240 4038 cha

144 4064 215 4120 ritas,
235 4070 263 4113 ut
284 4065 356 4114 dccet
388 4061 570 4116 rationabiliter
582 4067 636 4127 jam
655 4068 791 4117 instruens
815 4066 1188 4129 clem.su0m.1v.p.l95.
1208 4065 1238 4114 ct.

144 4151 240 4202 Concil.
258 4151 371 4202 Trident.
388 4163 450 4202 sesa.
472 4153 518 4204 Vl.
540 4165 561 4202 c.
579 4153 626 4204 vl.

196 4237 221 4299 3)
241 4238 323 4300 Epist.
341 4238 372 4289 V.
394 4253 411 4288 n
440 4237 466 4288 3.
484 4239 745 4304 (conlaudat.)
766 4239 796 4289 cl.
819 4239 868 4302 Ep.
883 4239 969 4294 XVII.
995 4255 1021 4306 p.
1039 4241 1098 4292 687.

196 4325 221 4385 l)
240 4325 315 4388 Futp.
332 4323 365 4374 ad
382 4324 490 4377 Monim.
508 4326 552 4376 lib.
568 4327 589 4374 Ι.
610 4338 631 4374 3.
648 4326 745 4376 xvln.
760 4340 785 4390 p.
802 4326 845 4377 68.

197 4409 222 4473 6)
240 4411 316 4476 Futp.
337 4411 354 4461 l.
375 4423 397 4462 c.
412 4411 456 4462 lib.
469 4413 503 4462 Π.
516 4425 545 4464 a.
560 4413 607 4464 IX.
623 4426 648 4475 p.
667 4414 710 4466 86.
