2910 4936
644 277 683 340 ni

108 477 319 554 pronuncians,
343 474 420 556 quod
443 491 511 536 rere
532 471 612 534 Deus
635 475 662 536 iu
685 471 766 536 robis
788 473 833 534 sit.
864 469 966 536 lCar.
991 471 1071 546 xiv,
1093 469 1141 534 at
1155 471 1214 534 25.

107 558 205 622 Hebr.
233 559 278 629 ll,
309 555 337 618 la.
379 555 621 635 sanctificationis
650 573 720 616 vero
748 563 836 616 iotam
864 573 939 632 opus
969 556 1017 616 ille
1045 558 1215 633 praesertim

107 642 235 720 peragit.
274 639 348 700 Nam
376 645 529 717 parentum
557 643 722 699 nostrorum
751 642 868 716 peccato
896 657 913 700 a
940 639 1001 699 llco
1024 640 1160 715 dirempti
1182 657 1216 700 ac

107 725 219 796 divisi,
243 722 375 802 quamvis
393 723 567 784 immaculati
587 722 651 800 agni
669 723 807 799 sanguine
824 721 1018 794 reconciliati,
1040 728 1137 784 tamen
1158 741 1216 784 nen

108 807 213 868 solnm
235 808 331 882 inopia
353 807 458 865 virium
482 804 663 876 laboramus,
692 805 851 864 sedetiam
879 806 1001 880 peccatis
1030 807 1153 882 propriis
1174 804 1217 866 ai·
1268 843 1270 854 ·

109 890 180 951 lecti
213 907 315 950 surmus
342 893 371 948 et
399 887 562 949 multifariis
590 887 793 964 cupiditatibus
820 887 981 946 deformati.
1020 888 1085 964 lpse
1106 906 1159 950 nos
1180 886 1215 948 ad

110 976 319 1054 poenitentiam
333 973 471 1050 perducit,
494 973 617 1047 extirpet
632 972 796 1048 superbiam
810 972 895 1041 vitae,
917 975 1083 1047 evagantem
1098 989 1215 1032 sensum

108 1056 242 1130 cohibet,
263 1073 379 1115 carnem
392 1055 568 1132 petulantem
578 1059 698 1115 coercet.
735 1055 930 1116 Emendatam
947 1055 1052 1114 deinde
1063 1072 1078 1114 a
1090 1057 1215 1130 peccatis

115 1141 244 1200 animam
268 1139 303 1198 ad
326 1141 465 1198 virtutum
486 1137 707 1198 aemulationem
734 1140 838 1198 excitat
866 1138 1024 1209 movendo,
1054 1139 1216 1208 monendo,

112 1224 262 1292 docendo;
285 1221 426 1282 illuminat
441 1226 473 1282 ut
491 1223 638 1282 veritatem
655 1239 828 1299 cognoscere
843 1221 943 1296 possit,
962 1221 1044 1281 ioan.
1056 1219 1137 1280 XlV.
1149 1220 1217 1292 26.;

114 1310 150 1365 ut
169 1307 312 1384 cognitam
334 1309 419 1376 amet,
442 1305 616 1378 inllammat3
638 1322 724 1364 nemo
746 1307 823 1366 enirn
847 1308 942 1381 potest
960 1303 1072 1364 dicere:
1093 1303 1217 1364 Domine

117 1389 221 1461 iesus,
255 1389 310 1448 nisi
339 1389 367 1446 in
396 1389 503 1464 Spiritu
532 1394 640 1447 sancto.
679 1388 780 1449 lCor.
802 1386 879 1458 Xll,
902 1389 931 1451 3.
968 1387 1082 1447 lloau.
1108 1387 1164 1458 Ν,
1185 1386 1215 1448 2.

113 1468 307 1532 Terrenarum
326 1469 508 1548 voluptatum
524 1459 617 1531 taedio
633 1475 662 1530 et
681 1489 776 1532 rerum
796 1471 964 1532 coelestium
988 1487 1086 1528 amore
1103 1469 1214 1546 rapiet,

114 1574 174 1634 quo
196 1559 355 1626 commota,
378 1553 445 1613 exul
467 1553 521 1614 lrui
545 1556 634 1630 patria
656 1555 774 1616 coelesti
796 1553 885 1614 ambit
900 1556 930 1612 et
946 1553 1097 1614 eluctatur.
1128 1553 1166 1612 Et
1189 1555 1212 1612 si

116 1636 147 1696 in
159 1640 204 1698 uia
217 1637 417 1698 mandatorum
428 1637 481 1698 Dei
493 1654 610 1697 currere
619 1655 682 1698 eam
692 1639 829 1708 docuerit,
847 1635 1012 1696 charitatem
1023 1637 1076 1713 ipsi
1092 1634 1216 1695 infundit

116 1717 202 1781 Rom.
219 1719 254 1792 V,
277 1717 315 1793 5,
342 1739 416 1797 quae
436 1738 518 1798 spem
536 1725 669 1781 aeternae
685 1723 760 1784 vitae
778 1723 925 1796 operatur,
944 1724 973 1780 et
991 1719 1044 1779 bac
1064 1717 1231 1778 dnlcedine-

118 1806 245 1863 animam
268 1806 309 1862 tot
331 1805 434 1881 pugnis
456 1801 624 1880 implicitam
645 1809 753 1864 ettam
775 1821 878 1881 magno
904 1821 1037 1864 moerore
1057 1799 1239 1884 conlectam!

117 1885 299 1960 consolatur,
329 1887 458 2028 ut1iuter
479 1886 677 1964 quotidianum
699 1886 808 1949 luctum
830 1903 947 1964 semper
966 1886 1092 1964 gaudere
1114 1885 1215 1962 possit.

118 1969 221 2031 lCor.
244 1971 288 2041 ll,
311 1969 339 2029 9.
383 1969 411 2029 0.

177 2053 301 2130 Spiritus
324 2055 401 2114 euim
423 2054 560 2112 certiores
583 2071 634 2114 nos
654 2052 767 2123 reddit,
797 2053 874 2130 qrrcd
897 2051 949 2112 lilii
971 2052 1023 2112 Dei
1046 2069 1167 2120 sumus,
1189 2053 1214 2110 si

113 2140 212 2196 autem
234 2135 284 2196 biii
305 2142 335 2196 et
355 2136 509 2207 haeredes,
531 2134 669 2196 haeredes
691 2135 809 2214 quidem
829 2135 899 2207 Dei,
921 2135 1096 2196 cohaeredes
1119 2139 1215 2194 autem

114 2217 240 2280 Christi:
264 2221 288 2278 si
304 2224 400 2279 tamen
415 2219 619 2295 compatimur,
642 2223 675 2278 ut
691 2224 719 2280 ct
733 2217 943 2298 glorificemur,
966 2219 1052 2278 Rom.
1068 2217 1145 2290 Vlll,
1167 2216 1214 2276 17.

113 2302 255 2364 Similiter
275 2307 375 2361 autern
397 2308 426 2362 et
449 2301 573 2379 Spiritus
601 2302 718 2378 adjuvat
745 2301 939 2362 infirmitatem
968 2305 1115 2360 nostram:
1150 2317 1215 2360 nam

113 2386 185 2465 quid
205 2403 340 2457 oremuS,
363 2386 436 2446 sicut
454 2390 583 2464 oportet,
607 2386 768 2446 nescimus:
799 2387 849 2444 sed
869 2388 932 2460 ipse
950 2384 1075 2460 Spiritus
1092 2384 1216 2460 postulat

114 2487 170 2548 pro
193 2468 276 2529 nohis
297 2469 449 2548 gemitibus
472 2468 715 2528 inenarrabilibus.
748 2465 806 2542 Qui
828 2472 925 2528 autem
947 2470 1092 2528 scrutatur
1113 2467 1215 2539 corda,

113 2553 187 2621 scit,
210 2553 279 2630 quid
303 2553 445 2611 desideret
466 2552 606 2627 Spiritus:
630 2554 695 2630 quia
717 2550 875 2612 secundum
898 2550 993 2612 Deum
1015 2549 1141 2628 postulat
1164 2567 1217 2628 pro

114 2635 233 2696 sanctis.
265 2635 350 2695 Rom.
373 2634 460 2706 Vlll,
481 2633 615 2693 aii-29.

178 2719 221 2780 Ita
249 2737 301 2777 nos
329 2736 346 2777 e
375 2721 450 2778 terra
476 2717 628 2796 longinqua
650 2723 679 2778 et
704 2735 738 2777 en
762 2715 865 2776 umbra
886 2717 988 2776 mortis
1009 2711 1044 2774 ad
1069 2719 1214 2791 paternam

112 2801 236 2862 domum
253 2801 371 2874 reducit,
391 2796 506 2878 semper
521 2801 681 2874 uobiscum,
700 2801 727 2860 in
744 2799 834 2869 nobis,
864 2797 936 2858 alter
948 2797 1076 2875 Angelus
1098 2796 1216 2871 (Genes.

113 2885 261 2956 XLVlll,
285 2879 365 2964 in),
387 2885 437 2963 qui
459 2885 533 2943 eruit
555 2900 606 2944 nos
629 2885 665 2943 de
686 2883 796 2944 cunctis
818 2881 920 2954 malis3
948 2883 1044 2942 omnia
1073 2886 1216 2942 scrutatur

114 2970 124 3028 l
151 2967 220 3028 Cor.
242 2965 287 3038 ll,
311 2965 376 3037 10.,
409 2984 510 3026 omnes
539 2965 683 3036 delectus,
718 2984 835 3027 ornnem
864 2965 1024 3041 augustiam
1052 2964 1216 3041 cognoscit,

112 3051 258 3111 desideria
279 3048 374 3110 cordis
396 3049 543 3126 explorat3
569 3054 687 3126 paratus
708 3067 840 3126 semper,
865 3047 1010 3108 volentem
1032 3047 1167 3123 adjuvare
1187 3051 1217 3106 et
1257 3093 1258 3096 ,

112 3133 261 3205 intentus,
289 3132 394 3192 bonam
423 3132 600 3194 voluntatem
630 3138 659 3193 et
685 3132 825 3210 Spiritum
847 3137 959 3191 rectum
980 3131 1125 3189 innovare.
1162 3128 1215 3192 llle

113 3216 198 3276 solus
219 3216 342 3292 sapiens,
364 3216 444 3275 solus
465 3215 575 3286 bonirs;
596 3215 675 3277 solus
698 3221 808 3292 potens.
847 3213 876 3276 Si
899 3215 962 3289 ipse
984 3212 1142 3284 nobiscum,
1164 3229 1214 3273 cu·

110 3299 206 3376 jusvis
224 3317 327 3358 manus
349 3303 455 3376 pugnet
476 3302 573 3358 contra
596 3317 663 3371 uns,
686 3316 780 3376 neque
803 3296 994 3374 expugnabit3
1017 3293 1117 3356 sortior
1137 3297 1214 3357 eninr

113 3383 196 3443 Deus
215 3381 338 3460 Spiritus
355 3382 384 3440 iu
403 3379 503 3450 nobis,
526 3399 612 3460 quam
632 3399 709 3442 mors
728 3384 757 3441 et
776 3383 850 3454 vita,
873 3397 960 3458 quam
977 3378 1070 3456 angeli
1087 3383 1116 3438 et
1136 3381 1213 3458 prin·

113 3466 228 3544 cipatus
250 3471 279 3526 et
299 3465 419 3524 virtutes
441 3469 470 3524 et
490 3465 622 3524 instantia
644 3469 673 3524 et
693 3463 798 3524 littura.

180 3550 217 3608 Et
235 3551 284 3619 ita,
311 3553 343 3607 ut
362 3547 482 3607 decebat
502 3566 587 3622 euru,
617 3552 734 3626 propter
756 3564 843 3625 quem
866 3551 896 3606 et
917 3563 968 3622 per
989 3563 1076 3624 quem
1099 3545 1212 3615 omnia,

115 3629 166 3712 qui
191 3631 297 3691 multos
320 3629 394 3692 filios
416 3632 445 3690 in
466 3631 586 3708 gloriam
607 3631 783 3698 adduxerat,
813 3631 959 3690 auctorem
985 3629 1086 3688 salutis
1110 3645 1212 3688 eorum

116 3733 170 3794 per
202 3716 364 3791 passionem
385 3730 587 3774 consummare
616 3712 704 3774 Hebr.
735 3709 859 3781 11‚10.,
888 3712 971 3772 decet
998 3729 1082 3780 eum,
1112 3710 1213 3788 quiin

114 3799 257 3878 principio
279 3814 380 3857 omnes
402 3795 595 3871 sanctificavit,
616 3797 712 3856 denuo
730 3792 983 3856 sanctificationem
1001 3811 1212 3854 consummare.

180 3881 234 3942 llic
261 3897 319 3941 non
342 3897 393 3956 per
416 3897 518 3938 manus
538 3879 745 3957 Angelorum,¹
763 3880 812 3957 qui
837 3877 991 3956 aliquando
1010 3877 1122 3942 lumen,
1155 3876 1213 3938 lor·

115 3966 270 4026 titudinem
306 3966 335 4022 et
370 3961 594 4022 consolationem
623 3961 705 4024 nobis
728 3964 901 4039 apportant,
929 3965 958 4020 et
989 3963 1087 4020 contra
1117 3959 1215 4020 hostes

118 4054 233 4108 nostrae
256 4047 357 4106 salutis
382 4063 434 4106 nos
462 4043 633 4117 defendunt,
663 4046 713 4106 sed
743 4047 805 4120 ipse
834 4043 916 4104 nohis
945 4042 1063 4120 gratiam
1093 4040 1217 4102 sanctifi·

116 4136 230 4193 cantem
248 4129 413 4189 immediate
432 4127 570 4197 infundit,
592 4131 665 4189 sicut
682 4127 767 4187 lesus
787 4127 953 4188 immediate
969 4123 1092 4202 Spiritus
1110 4129 1215 4184 virtute

117 4223 275 4292 conceptus,
298 4215 364 4289 post
381 4213 566 4271 tentationem
578 4215 606 4271 et
619 4213 684 4286 post
699 4227 820 4286 agonem
839 4205 909 4269 vero
927 4209 956 4267 in
970 4207 1053 4269 horto
1073 4209 1215 4269 olivarum

117 4298 154 4360 ab
175 4293 289 4376 Angelis
311 4293 487 4372 confortatur
508 4302 557 4354 cat.
592 4293 688 4368 Qiram
709 4291 746 4352 ah
766 4307 897 4354 caussam
918 4291 1073 4363 ditissimi,
1099 4293 1148 4368 qui
1171 4291 1215 4350 in-

117 4377 238 4442 effabilia
260 4395 376 4437 omnem
394 4381 553 4437 creaturam
583 4371 718 4438 infinities
734 4378 858 4451 superat,
882 4381 910 4436 ct
932 4390 1101 4452 supremum
1124 4377 1215 4449 impe-

970 4480 1017 4538 fi*
