2910 4936
687 272 714 340 'l

144 470 341 540 conditionem
355 469 547 545 respicimus,
569 485 670 530 amore
680 467 826 531 amicitior
851 485 920 530 cum
937 465 1162 547 amplectimur,
1192 483 1253 546 quo

146 553 225 615 docti
243 551 501 616 omneillibonum
520 555 665 630 optamus,
686 568 729 623 ac,
751 552 777 612 si
799 552 884 625 licet,
907 551 1083 616 conterimus
1091 551 1132 629 ¹).
1175 548 1254 614 Cou-

146 637 322 713 oupisceotia
341 637 387 699 sui
409 636 502 712 ipsius
522 651 622 696 amore
641 638 885 696 commotasuum
905 636 1092 698 commodum
1122 634 1252 714 quaeritr

145 719 355 798 complacentia
376 737 410 778 se
431 721 528 796 ipsum
550 722 580 779 et
597 717 722 780 alterum
741 718 899 796 respiciens
920 719 949 780 in
964 721 1071 780 unione
1098 719 1253 796 utriusqus

146 805 320 880 requiescit3
341 802 467 864 amicitia
485 800 602 870 alterius
620 805 732 862 tautum
743 801 868 885 utilitate
882 804 1004 864 excitata
1011 806 1157 878 operatur.
1180 800 1253 863 lude

147 886 259 959 elucet,
280 885 344 948 Deo
362 885 531 946 charitatem
557 889 645 962 utque
657 885 776 963 quidem
794 901 925 946 amorem
943 885 1163 964 conapluccntt'oe
1185 901 1253 962 erga

146 985 179 1029 se
204 972 317 1046 ipsum,
338 984 470 1030 amorem
492 967 637 1028 amicitiae
673 986 739 1046 erga
761 973 908 1030 creaturas
924 986 990 1030 esse
1018 966 1253 1044 tribuendum).

147 1050 222 1114 Nam
236 1071 269 1114 se
295 1053 392 1130 ipsum
414 1071 451 1112 ex
468 1067 521 1112 sua
539 1054 639 1112 nutura
661 1051 824 1114 necessario
843 1055 935 1120 amat,
966 1056 1115 1114 creaturas
1133 1054 1253 1129 propter

146 1151 230 1195 suam
252 1133 411 1196 bonitatam
437 1140 467 1194 et
488 1133 709 1212 benignitatem
741 1135 937 1213 quodcunque
952 1137 1031 1196 euim
1057 1137 1088 1196 iu
1113 1134 1254 1196 creaturis

147 1222 242 1290 amat,
276 1217 334 1280 illis
354 1218 478 1279 donavit.
518 1217 613 1278 timor
630 1219 733 1300 igitur,
763 1236 823 1296 quo
839 1217 959 1278 Deusse
980 1220 1077 1296 ipsum
1104 1235 1141 1280 ex
1158 1218 1254 1279 diviua

146 1318 200 1362 sua
229 1304 330 1361 natura
360 1308 391 1362 et
406 1302 531 1361 essentia
550 1305 635 1373 amet,
663 1301 822 1362 araneam
844 1299 1011 1380 romum).
1052 1300 1205 1364 Praeclare
1216 1300 1254 1364 de

148 1381 200 1444 illo
222 1384 302 1444 Zeno
323 1383 497 1445 Veronensis
514 1385 679 1462 Episcopus
688 1383 733 1460 ⁴):
759 1384 820 1446 «Tu
838 1387 867 1444 in
887 1383 969 1444 Patre
986 1385 1133 1462 imperem
1155 1388 1188 1446 tu
1199 1383 1253 1446 tibi

145 1469 175 1528 in
190 1465 265 1532 Filio
286 1466 491 1544 obtemperas3
517 1471 548 1527 tu
573 1471 601 1528 in
623 1468 732 1544 Spiritu
758 1467 862 1532 sanato
883 1467 1021 1529 exsultas.
1063 1465 1107 1528 Tu
1132 1485 1201 1530 cum
1223 1467 1253 1528 io

146 1548 238 1611 tribus
252 1568 309 1611 una
319 1552 379 1622 sis,
402 1550 482 1610 nullo
495 1555 579 1627 pacto
591 1551 740 1622 divideris,
752 1550 830 1614 nulla
848 1550 992 1612 humsnae
1008 1551 1184 1612 curiositatis
1200 1568 1251 1612 ca·

145 1632 256 1694 lumnia
279 1634 482 1696 commoveris.
525 1632 551 1692 Α
567 1635 689 1696 Paterno
700 1631 779 1695 lonte
795 1635 824 1694 in
841 1633 915 1696 Filio
936 1638 995 1696 totu
1014 1633 1192 1702 retunderis.
1222 1638 1252 1694 et

144 1721 241 1776 umen
258 1719 327 1789 tota,
348 1718 398 1780 ubi
415 1716 585 1788 refunderis,
607 1734 665 1778 non
678 1717 797 1778 recedis.
840 1717 933 1778 ltecte
949 1717 1028 1778 Deus
1041 1718 1162 1794 diceris,
1183 1719 1254 1796 quia

144 1797 291 1860 Trinitatis
304 1799 462 1876 potentiam
481 1798 543 1860 sola
557 1802 730 1862 convertis.»
755 1799 794 1862 Ut
808 1804 907 1860 autem
925 1819 988 1862 rem
1007 1800 1094 1862 altius
1115 1806 1252 1878 penetre-

143 1899 219 1954 mus,
230 1883 346 1944 videtur
362 1901 445 1944 amor
465 1882 652 1946 essebonr‘tar
670 1884 837 1944 volontatis.
858 1881 1020 1944 Bonitatem
1037 1882 1154 1966 (Matth.
1165 1885 1252 1958 XlX,

147 1964 214 2040 17.)
235 1970 333 2027 autem
355 1965 545 2044 intelligimus
573 1966 778 2044 perfectionem
800 1969 943 2028 esseutiae
970 1971 1000 2028 et
1018 1971 1137 2030 naturae
1148 1966 1185 2050 ⁸).
1219 1969 1252 2032 Si

143 2048 298 2111 bonitatem
319 2048 509 2112 inuoluptate
522 2050 695 2122 consideras,
717 2048 764 2110 vel
773 2051 942 2127 qualitatem
953 2049 1120 2123 voluntatis,
1142 2052 1251 2116 saucti-

143 2134 231 2192 tatem
251 2137 329 2194 recte
350 2133 496 2204 nominas3
528 2132 554 2192 si
573 2149 642 2192 vero
670 2133 700 2192 in
718 2136 821 2195 natura
842 2134 937 2210 primo
962 2135 994 2194 et
1022 2135 1158 2213 proprie,
1193 2155 1253 2218 qua

142 2217 280 2293 unquam
302 2233 404 2276 cauma
425 2214 563 2276 noluntas
577 2216 679 2293 agitur,
701 2220 731 2277 et
752 2218 781 2277 in
798 2217 1128 2295 quantumroluutaaiu
1150 2225 1252 2284 urbam

141 2298 336 2375 potentialiter
356 2298 488 2378 quiescit,
510 2314 563 2360 seu
582 2302 683 2359 natura
701 2301 730 2360 in
748 2298 927 2361 voluntatem
944 2304 1092 2379 erumpit,
1124 2321 1252 2367 ammoto

141 2385 172 2442 et
189 2382 368 2444 claritatem.
412 2381 540 2442 Allectus
563 2380 670 2458 itaque,
687 2383 737 2460 qui
754 2386 799 2444 est
815 2399 937 2458 caussa,
959 2389 992 2444 ut
1009 2386 1167 2458 italicam,
1188 2405 1251 2451 nra·

143 2463 252 2527 terialis
270 2467 402 2528 omnium
413 2466 503 2524 animi
520 2465 733 2540 operationum,
753 2465 800 2526 vel
818 2483 862 2540 ea,
885 2483 959 2545 quae
979 2483 996 2526 a
1013 2467 1123 2531 Latinis
1143 2472 1250 2544 anima,

139 2545 289 2610 aGraecis
298 2546 403 2628 θυμὸς
417 2549 580 2608 nominatur
593 2565 659 2624 pars
670 2548 769 2620 animi,
791 2547 855 2610 lons
866 2554 911 2611 est
923 2551 1030 2612 amoris
1047 2551 1078 2610 in
1095 2555 1251 2626 creaturisc

140 2630 193 2692 sed
212 2632 332 2692 minime
345 2635 451 2709 putes,
480 2632 509 2691 in
526 2629 577 2691 illo
596 2634 713 2709 proprie
738 2649 868 2693 amorem
893 2634 1072 2707 consisterec
1093 2635 1146 2697 sed
1166 2653 1251 2698 amor

140 2729 229 2774 verus
253 2715 329 2776 circa
356 2714 698 2789 voluntatemversutur,
721 2716 854 2792 quamvis
874 2715 1008 2778 affectum
1026 2736 1084 2780 nou
1105 2719 1249 2780 excludat.

140 2793 273 2858 Obscura
299 2816 370 2859 sane
392 2796 463 2858 baec
492 2798 580 2856 animi
612 2815 680 2874 pars
696 2795 808 2869 ἁπλῶς
825 2801 855 2858 et
879 2797 958 2858 καθ’
973 2796 1075 2878 η’μᾶςι
1096 2805 1250 2879 propterea

139 2877 323 2955 ignobiliora
338 2879 438 2941 multis
459 2878 640 2958 philosophis
657 2885 792 2942 censetur
807 2884 837 2942 et
856 2879 967 2943 Frider.
997 2881 1128 2961 Schlegel
1140 2884 1166 2960 ⁰)
1182 2901 1249 2946 eam

139 2959 203 3024 Deo
228 2963 392 3026 adscribere
411 2967 539 3036 recusat,
560 2964 639 3041 quod
659 2969 690 3025 et
705 2963 776 3026 mibi
800 2962 954 3040 probatum
981 2963 1141 3047 videtur⁷).
1184 2967 1248 3030 Nos

175 3121 203 3187 1)
221 3123 343 3186 Triplicis
366 3123 445 3186 buius
466 3121 563 3174 amoris
582 3122 769 3186 expositionem
788 3122 839 3175 rid.
858 3135 899 3188 ap.
911 3120 1001 3176 soor.
1018 3122 1083 3188 Spes
1103 3123 1130 3176 lu
1149 3121 1249 3190 Proles.

140 3208 190 3261 ad:
210 3205 463 3280 „sstopootbtlgob”
475 3207 629 3271 simplicem,
645 3208 787 3272 elegantem
803 3215 828 3262 at
842 3222 939 3263 reram.

174 3294 203 3358 2)
221 3298 260 3350 Ci.
278 3296 305 3348 S.
323 3297 472 3348 bononem.
491 3295 512 3344 l.
530 3296 562 3346 1).
581 3296 615 3347 X.
634 3308 658 3347 a.
672 3295 708 3346 ll.
727 3296 758 3360 Q.
774 3296 811 3364 1„

176 3382 204 3448 a)
222 3383 258 3435 cr.
276 3385 309 3435 n.
330 3384 421 3440 enom.
435 3385 465 3434 e.
484 3383 505 3434 ι.
516 3383 548 3434 u.
565 3384 599 3436 x.
617 3384 650 3448 Q.
668 3383 691 3436 1.
701 3396 724 3435 ι.
740 3383 766 3433 1.

174 3468 202 3533 1)
219 3475 315 3530 Tractt
330 3470 376 3525 lib.
394 3472 416 3523 1.
433 3469 535 3522 -Tract
551 3471 586 3522 ll.
603 3484 675 3522 oum.
695 3470 721 3522 e.
740 3467 823 3537 (Gall.
844 3471 876 3529 V,
893 3469 964 3533 11³.)
981 3471 1015 3523 ct.
1037 3470 1148 3526 eundem
1167 3486 1192 3525 n.
1210 3471 1244 3532 t..

140 3558 185 3610 ubl
205 3559 279 3623 pluro
298 3558 330 3610 de
347 3558 443 3623 amoris
468 3564 560 3616 notura
585 3563 695 3611 etnam.
712 3557 731 3608 8
746 3571 795 3621 so..
814 3557 860 3610 ubi
874 3557 907 3608 de
923 3563 1024 3612 terreno
1038 3572 1126 3614 amore
1145 3560 1248 3625 elegen·

141 3647 244 3698 tlssimc
260 3644 373 3696 disserit.
410 3644 449 3698 ct.
464 3644 491 3695 S.
509 3645 644 3698 Benaco.
660 3642 864 3710 up1.xt.n.t
883 3645 923 3698 etl.
940 3646 1081 3701 Mobillon.

175 3732 201 3796 b)
219 3742 269 3798 'Illo
281 3737 461 3812 ipobuoopies
478 3737 637 3813 ι’ξιιρημέιως
649 3739 673 3791 ai
694 3736 817 3812 Θεόλογοι
833 3747 864 3813 τῇ
884 3738 1003 3815 ὑπερθέῳ
1015 3740 1120 3802 &sorore
1136 3744 1179 3796 καὶ
1194 3739 1247 3798 ἀπὸ

139 3839 244 3894 πάντων
274 3837 435 3913 ἀφορίζουσιν
456 3836 550 3905 αὐτὴν,
577 3839 611 3902 ὡς
636 3835 715 3912 οἶμαι,
735 3841 780 3898 τὴν
801 3837 940 3912 θιαρχικὴν
967 3839 1075 3914 ὕπαρξιν
1098 3838 1249 3915 Morare

139 3937 273 4012 λέγοντες·
303 3942 343 3992 καὶ
362 3939 403 3992 ὅτι
422 3944 459 4009 τῷ
485 3931 549 3992 εἶναι
572 3940 602 3992 τὸ
628 3937 728 4015 &pobbo
756 3937 791 4002 ὣς
823 3933 946 4001 οὐσιῶδες
976 3935 1076 4012 ἀγαθὸν
1105 3941 1140 4006 εἰς
1162 3943 1248 3998 πάντα

139 4041 174 4094 τὰ
198 4043 260 4092 ὄντα
284 4034 404 4093 διατείνει
425 4041 471 4098 τὴν
487 4036 648 4112 ἀγαβότητα.
689 4038 802 4102 monor.
828 4039 957 4102 Arcoptu,
982 4037 1015 4092 de
1031 4038 1108 4095 otnn
1137 4052 1209 4100 nom,
1222 4053 1247 4093 ο.

140 4133 192 4186 lv.
209 4132 250 4184 ed.
268 4133 373 4186 Cotdtt'.

176 4218 207 4278 t)
225 4219 323 4272 Psilos.
342 4220 393 4274 vlt.
409 4218 533 4272 Praetect
550 4220 599 4272 111
614 4233 640 4284 p.
659 4219 710 4282 7³,
726 4220 772 4274 ubl
789 4219 921 4284 complura
937 4221 1005 4277 scitu
1029 4221 1107 4287 tigna
1126 4221 1158 4274 te
1175 4233 1246 4274 amo·

142 4308 180 4360 ris
198 4306 278 4360 divini
295 4314 387 4360 natura
403 4307 506 4370 protert.

175 4394 205 4459 7)
224 4393 263 4449 ca
276 4393 408 4460 Atbmoa.
427 4394 475 4458 lep.
488 4407 534 4460 pro
552 4394 693 4458 Christian,
715 4407 737 4448 c·
754 4393 842 4452 xvu.
860 4393 901 4448 eat
918 4394 1044 4464 bamur,
