2910 4936
766 263 812 327 ‹ll

242 462 369 538 inquieta
392 465 420 520 et
442 453 555 519 turbida
578 455 626 524 lrt.
656 458 747 519 donec
768 459 871 517 iterum
894 459 923 516 in
946 454 1032 516 lanam
1063 473 1148 516 stiram
1173 455 1271 538 (ὅρον)
1300 461 1352 515 in·

212 559 217 570 ·
243 547 318 603 trotr
352 547 446 602 tamen
470 540 540 602 haec
562 541 652 602 torma
675 545 810 617 tunquam
834 541 879 600 lex
893 541 919 617 1)
941 559 957 601 a
980 538 1093 618 Spiritu
1116 545 1228 600 animae
1252 542 1353 602 tibere

242 625 334 686 inlusa
357 625 457 686 efficax
479 628 541 694 est,
573 625 710 702 quioniam
732 625 821 701 gratia
842 621 966 700 Spiritus
987 624 1014 683 iu
1037 626 1097 700 ipsa
1120 627 1149 684 et
1175 643 1226 700 per
1249 627 1351 701 ipsam

241 713 394 784 operatur,
416 710 454 769 ita
476 713 527 780 ut,
548 707 572 768 si
595 706 699 766 violata
722 707 822 779 luerit,
845 707 921 766 idem
932 705 1055 784 Spiritus
1070 707 1200 766 animum
1219 711 1254 766 ad
1273 726 1352 785 poe·

242 793 390 851 nitentium
412 795 441 850 et
463 789 693 849 emendationem
715 792 837 850 concitet
857 795 945 866 atque
967 789 1105 866 impellat.

304 875 428 950 Spiritus
449 877 546 932 autem
569 877 685 932 sanctus
705 877 750 933 est
771 873 919 932 sanctitate
940 870 1090 941 absoluta,
1112 890 1169 932 non
1190 874 1273 951 quasi
1296 891 1350 932 ac-

241 960 375 1036 quirens,
396 957 447 1016 sed
465 956 547 1032 quasi
560 957 729 1030 impertiens
741 956 914 1024 bonitatem;
936 957 1086 1014 nonenim
1107 957 1211 1032 accipit
1227 974 1244 1015 a
1262 974 1350 1016 crea-

242 1043 329 1112 turis,
351 1039 402 1098 sed
424 1039 562 1117 arripitur
582 1040 702 1116 spiritus
724 1042 855 1109 sanctus,
877 1038 952 1098 sicut
971 1055 1027 1098 non
1050 1036 1254 1110 sanctificatur,
1276 1057 1348 1099 san—

241 1121 348 1183 ctificat
377 1127 473 1181 autem
496 1121 620 1198 Spiritus
651 1128 783 1192 sanctus,
818 1123 847 1181 in
875 1139 934 1199 quo
957 1121 1022 1182 licat
1050 1120 1132 1181 verbi
1163 1122 1348 1188 communio.

188 1271 194 1282 .
243 1206 380 1267 discretio
409 1209 504 1265 tamen
537 1209 656 1266 naturae
677 1209 740 1273 est,
771 1208 886 1264 sanctus
908 1205 985 1264 enim
1018 1205 1123 1264 dicitur
1153 1204 1257 1278 homo,
1291 1208 1347 1284 qui

240 1288 360 1364 accipit,
379 1293 409 1348 et
419 1287 514 1360 Deus,
538 1289 588 1366 qui
607 1287 707 1348 tribuit
723 1283 946 1366 sanctitatem²).
970 1285 1008 1348 Ut
1025 1289 1102 1347 enim
1121 1286 1171 1348 lua
1189 1293 1220 1348 et
1239 1287 1347 1365 splen-

242 1373 295 1432 dor
315 1389 381 1431 cum
401 1372 529 1432 tenebris
547 1373 682 1449 componi
698 1388 755 1431 non
778 1375 916 1448 possunt,
938 1371 976 1431 ita
997 1373 1084 1430 etiam
1101 1375 1201 1430 natura
1214 1370 1347 1447 Spiritus

243 1457 347 1520 sancti.
370 1471 444 1532 quae
459 1459 556 1515 sancta
569 1462 628 1525 est,
652 1472 707 1514 non
721 1455 821 1531 recipit
841 1453 1041 1530 pollutionem.
1072 1451 1249 1514 Naturaliter
1263 1457 1345 1514 enim

243 1537 287 1597 vel
311 1537 537 1598 substantialiter
563 1539 660 1598 sancta
687 1542 740 1597 est.
782 1537 812 1598 Si
840 1555 897 1615 qua
919 1542 1015 1597 autern
1036 1536 1091 1597 alia
1116 1541 1217 1597 netma
1244 1544 1345 1598 sancta

242 1624 298 1693 est,
320 1640 355 1681 ex
375 1623 572 1698 assumptione
587 1620 642 1682 hoc
660 1619 707 1679 vel
724 1617 909 1698 inspiratione
930 1620 1053 1696 Spiritus
1074 1617 1170 1680 sancti
1186 1619 1288 1689 babet.
1311 1625 1345 1680 ut

243 1703 454 1774 sanctificetur,
488 1722 544 1764 non
566 1723 601 1764 ex
623 1719 675 1763 sua
698 1707 799 1764 natura
820 1702 875 1764 boc
896 1704 1063 1780 possidens,
1085 1704 1136 1764 sed
1158 1704 1292 1765 accidens
1306 1703 1343 1780 ³).

241 1787 394 1867 Propterea
418 1785 584 1860 δεσπόζον
603 1787 712 1858 πάσης
730 1785 868 1857 κτίσεως
887 1785 928 1844 τὸ
952 1787 1101 1867 πνεῦμα,
1123 1787 1160 1848 οὐ
1183 1785 1344 1860 δεοποζό·

243 1891 358 1950 μενον,
392 1871 512 1941 θεοῦν,
550 1869 588 1929 οὐ
622 1869 812 1946 θεούμενον,
851 1863 1013 1950 πληροῦν,
1044 1868 1081 1928 οὐ
1105 1868 1343 1950 πληρούμενον,

245 1951 507 2033 μετεχούμενον,
529 1951 567 2010 od
589 1952 739 2032 μετέχον,
760 1949 918 2032 ἁγιάζον,
935 1951 996 2032 οὐχ
1014 1950 1283 2034 ἁγιαζόμενονἿ.

307 2036 338 2096 ln
361 2033 545 2111 insuperabili
569 2035 654 2112 igitur
676 2034 860 2111 perfectionis
880 2036 969 2112 gradu
991 2036 1143 2095 constituta
1166 2041 1203 2095 ter
1212 2037 1249 2095 tia
1272 2035 1343 2095 Per-

244 2136 314 2180 sona
336 2117 461 2194 Spiritus
482 2123 598 2178 sanctus
628 2116 805 2196 appellatur,
837 2118 920 2178 sicuti
942 2117 1032 2178 Filius
1053 2120 1126 2179 ratio
1149 2118 1193 2177 vel
1216 2120 1342 2178 verbum

243 2202 289 2262 vel
312 2201 468 2278 sapientias
491 2219 558 2260 nam
580 2202 662 2261 sicuti
684 2199 839 2260 voluntatis
860 2203 1009 2270 sanctitas,
1032 2203 1069 2262 ita
1091 2202 1233 2281 sapientia
1255 2205 1343 2262 intet-

243 2285 334 2345 tectus
351 2301 466 2344 summa
482 2284 618 2361 perfectio
635 2287 695 2356 est,
718 2289 747 2344 ct
765 2284 887 2360 Spiritus
902 2301 937 2344 cx
960 2285 1108 2345 voluntate
1129 2283 1264 2346 omnibus
1288 2303 1344 2344 nu·

242 2370 330 2429 meris
351 2367 491 2439 absoluta,
513 2368 622 2444 quippe
643 2367 738 2429 divina
751 2382 902 2443 processus
918 2374 1004 2444 atque
1019 2369 1082 2444 ipse
1098 2369 1268 2428 omnimodo
1288 2369 1342 2428 ab·

242 2451 373 2523 solutus,
405 2455 507 2528 utpote
529 2448 626 2522 Deus,
654 2453 769 2510 sanctus
790 2449 915 2526 perlecto
938 2452 1054 2510 nomine
1075 2452 1237 2510 denotatur.
1284 2452 1342 2529 tpsi

241 2536 327 2613 igitur
348 2552 421 2611 opus
439 2543 604 2594 erectorum
620 2533 984 2612 sanctificandipraecipue
1006 2551 1164 2608 congruum
1187 2538 1241 2597 est.
1272 2535 1343 2594 Pro-

240 2618 314 2678 cedit
329 2619 421 2686 enim‚
444 2623 475 2677 ut
489 2620 528 2676 ait
547 2617 576 2677 S.
591 2616 716 2677 Thomas
727 2617 761 2688 ⁵),
782 2617 856 2677 sicut
874 2619 945 2676 ratio
961 2615 1113 2693 cujuslibet
1129 2620 1226 2694 operis
1237 2616 1344 2678 volun·

240 2701 321 2774 tatis,
343 2701 418 2760 sicut
439 2703 523 2760 etiam
546 2699 637 2760 Filius
655 2701 838 2778 producitur,
860 2704 892 2759 ut
910 2715 956 2758 ars
973 2702 1103 2768 omnium
1121 2718 1243 2773 eorum,
1265 2719 1344 2778 quae

241 2803 294 2863 per
315 2783 491 2845 intellectum
509 2783 638 2843 divinum
655 2785 806 2843 constituta
821 2786 896 2842 sunt.
940 2781 1072 2843 Meminit
1090 2785 1168 2843 enim
1188 2785 1231 2844 sui
1251 2783 1344 2852 Deus.

239 2871 269 2927 at
291 2867 405 2944 genitus
418 2870 462 2927 est
472 2866 580 2938 Filius3
602 2866 723 2926 dualitas
740 2885 810 2944 ergo
827 2864 973 2926 intellectu
996 2867 1183 2942 producitur3
1205 2868 1255 2926 sed
1270 2865 1344 2927 haec

241 2949 366 3010 dualitas
388 2951 417 3010 in
439 2953 521 3010 tertia
544 2949 669 3010 Persona
692 2949 834 3026 completa
856 2951 886 3008 et
907 2948 1030 3024 perlecta
1052 2953 1112 3018 est,
1142 2968 1232 3026 quum
1254 2951 1343 3009 ambo

240 3035 312 3094 uniti
335 3034 444 3110 spirant
464 3035 613 3110 spiritum=
637 3035 686 3110 qrri
709 3032 865 3092 aestuantis
883 3032 991 3092 amoris
1008 3036 1038 3093 et
1058 3036 1214 3093 concitatae
1237 3033 1343 3093 rotun·

240 3117 306 3177 tatis
328 3122 372 3178 est
388 3115 510 3177 tructus.
553 3117 594 3177 lta
612 3134 664 3194 per
681 3115 786 3175 Filium
804 3119 918 3175 creatur
938 3116 1079 3187 mundus3
1101 3117 1247 3195 cognoscit
1258 3115 1344 3176 Pater

276 3316 300 3378 1)
320 3318 433 3370 Naturae
452 3317 578 3390 spiritus,
598 3315 746 3380 necessitati
765 3315 883 3372 libertas.
908 3321 1013 3366 naturas
1032 3314 1130 3378 tegibus
1148 3321 1282 3378 praecepta
1304 3316 1343 3366 di-

239 3403 297 3454 rina
318 3416 347 3453 ao
367 3403 474 3454 moralia
492 3404 608 3468 opposita
627 3409 695 3455 sunt.
714 3403 746 3454 cl.
766 3404 796 3454 P.
811 3402 831 3451 l.
852 3399 880 3466 §-
899 3399 922 3450 3.
943 3415 968 3452 n.
981 3403 1012 3452 V.
1031 3403 1076 3455 Vl.

213 3535 216 3542 .
273 3489 301 3552 2)
319 3489 343 3540 S.
363 3489 482 3540 Amicos.
501 3490 533 3541 dc
551 3489 595 3553 Sp.
613 3492 640 3541 S.
659 3491 680 3547 1,
700 3489 725 3540 a.
743 3490 774 3540 ct.
793 3503 815 3546 c.
834 3489 859 3540 7.
877 3488 929 3539 vid.
947 3489 977 3539 P.
993 3490 1017 3539 1.
1037 3487 1066 3552 §-
1085 3486 1109 3538 3.
1128 3501 1152 3538 n.
1173 3486 1220 3538 lll.

274 3584 302 3649 3)
323 3586 429 3650 oupen.
449 3589 509 3659 Περὶ
528 3583 589 3658 ἀρχ.
610 3582 653 3644 llll.
673 3583 694 3632 l.
713 3593 735 3632 c.
755 3582 828 3632 vlit.
849 3595 873 3633 n.
892 3580 915 3632 3.

274 3679 300 3740 t)
320 3679 453 3742 imperans
464 3678 532 3727 enim
544 3677 614 3728 omni
630 3683 760 3728 creaturae
771 3677 882 3739 Spiritus
894 3680 1008 3736 sanctus,
1017 3689 1067 3726 non
1077 3675 1184 3740 imperto
1194 3674 1342 3736 subiectus;

239 3765 371 3822 deificans.
386 3779 436 3816 non
452 3763 594 3822 deificatus,
611 3764 730 3826 implens,
743 3777 795 3814 non
807 3763 934 3827 impletus,
950 3762 1025 3822 cuius
1035 3764 1278 3826 omncsparticipes.
1296 3765 1341 3826 quai

239 3851 407 3914 ipsanuttius‚
429 3849 600 3905 sanctificans,
620 3851 863 3902 consanctificatus.
881 3850 1091 3901 daonltomasc.
1102 3850 1205 3900 Ortbod.
1221 3851 1264 3900 tid.
1275 3853 1296 3908 1,
1315 3854 1341 3901 8.

240 3952 264 4002 p.
274 3937 334 3993 137.
345 3938 375 3987 cl.
390 3939 495 4002 Didym.
506 3937 579 3987 Ales.
592 3935 623 3988 dc
635 3939 677 4000 Sp.
687 3939 714 3988 S.
724 3951 746 3988 o.
757 3937 804 3988 lV.
814 3937 966 4002 Grapltloz.
978 3937 1022 3988 Or.
1031 3939 1156 3988 XXXIV.
1166 3952 1191 3988 n.
1205 3937 1246 3987 12.
1254 3939 1339 3989 Basti.

241 4024 350 4088 saepiss.
372 4027 447 4075 Hom.
467 4025 492 4074 in
514 4027 556 4074 Ps.
576 4024 690 4075 xxxu.
709 4038 733 4074 n.
754 4023 779 4072 t.
798 4022 854 4074 adr.
876 4027 986 4075 Eunom.
1006 4026 1060 4082 111,
1087 4023 1110 4074 t.
1137 4028 1213 4077 Hom.
1233 4027 1290 4075 XV.
1309 4026 1341 4076 de

240 4113 274 4164 fid
303 4124 328 4162 n.
349 4109 374 4160 3.
393 4111 461 4178 (vot.
475 4111 509 4159 ll.
531 4125 554 4174 p.
576 4110 645 4173 132.)
665 4112 696 4164 da
714 4114 757 4174 sp.
778 4111 803 4159 S.
823 4124 846 4160 ο.
867 4111 938 4160 XVl.
957 4124 981 4160 n.
1002 4111 1043 4161 38.
1063 4113 1146 4174 Epist.
1160 4112 1232 4163 vill.
1251 4126 1276 4162 n.
1298 4114 1340 4160 10.

241 4199 331 4250 CLlX.
352 4211 375 4248 n.
395 4195 420 4246 2.
456 4195 540 4262 (Quae
562 4199 678 4260 dispcrsc
697 4199 723 4248 tn
751 4197 824 4248 libris
843 4199 867 4247 S.
888 4200 983 4248 Boritii
1003 4199 1033 4248 de
1052 4199 1142 4260 spiritu
1162 4191 1251 4249 sancto
1270 4201 1341 4247 inre·

240 4289 359 4342 uitiatur,
380 4299 402 4336 o.
423 4283 468 4336 tx.
490 4283 520 4335 de
540 4285 625 4348 Spirit.
646 4286 671 4336 S.
693 4287 833 4350 composita
854 4279 933 4346 siant)

277 4371 303 4437 ὅ)
322 4374 351 4423 ln
372 4375 391 4422 l.
412 4375 480 4424 Sont.
503 4371 532 4420 l).
555 4373 586 4421 X.
606 4374 636 4435 Q.
657 4375 679 4421 1.
700 4387 721 4422 a.
742 4375 766 4420 1.
