2910 4936
677 269 721 334 tit

153 469 261 537 delum
288 484 375 544 quam
403 465 441 530 ob
472 483 534 526 rem
574 464 772 526 habitudinem
794 463 939 542 quandam
967 461 1002 522 ad
1034 467 1195 523 creetur-am
1228 466 1257 522 et

156 551 186 612 1.
209 551 341 615 donabile
362 555 391 610 et
421 549 450 613 ἃ.
473 551 638 610 donandum
668 549 808 608 creaturis
840 543 1049 622 significare¹l‚
1076 545 1257 614 arbitrantur.

154 634 230 697 Nam
251 634 318 694 licet
340 635 469 706 nonsit,
491 632 539 692 cui
556 633 690 704 donetur,
712 635 807 690 tamen
819 630 934 689 Donum
954 626 1017 700 liei,
1038 631 1116 707 quod
1136 636 1179 688 est
1192 629 1257 705 spi-

154 720 227 778 ritus
244 723 368 783 sanctus,
391 721 576 776 coaeternum
597 722 627 774 et
644 711 885 774 consubstantiale
895 713 1023 772 donatori
1042 711 1176 772 donabile
1194 712 1255 773 ficri

154 801 269 877 poterit.
290 833 331 844 —-
353 801 391 860 Et
405 799 459 859 boc
480 800 581 876 utique
601 799 709 858 donum
732 797 785 856 Ilei
803 795 946 855 occultum
968 793 1020 852 luit
1038 795 1074 854 ab
1093 799 1210 856 aeterno
1227 798 1256 855 in

154 884 239 945 Patre
269 887 311 944 et¹
329 883 412 947 Filio.
434 882 672 942 manifestandum
702 884 864 958 opportuno
886 883 1032 953 ternpore,
1054 880 1124 938 dum
1150 882 1256 949 essent,

154 967 262 1047 quibus
291 966 467 1026 manilestari
512 963 664 1040 deberet²)
701 970 730 1023 ct
758 968 911 1038 antequam
940 967 1018 1021 esset
1049 960 1177 1038 Angelus
1208 961 1256 1022 uel

155 1051 253 1123 bomo,
275 1051 322 1110 cui
344 1051 480 1122 daretur,
500 1048 557 1124 jam
589 1049 633 1108 sui
657 1051 758 1107 natura
781 1044 913 1106 donabile
935 1044 1043 1105 donum
1073 1050 1154 1111 erat.
1189 1045 1257 1123 quia

153 1133 279 1195 charitas
299 1137 330 1193 ct
350 1151 432 1193 amor
452 1130 536 1207 est³).

240 1215 345 1278 Omnis
361 1218 439 1276 enirn
460 1214 585 1276 liberalis
605 1213 765 1273 collntionis
782 1211 853 1271 ratio
874 1227 957 1270 arnor
977 1213 1031 1270 est.
1064 1209 1150 1284 Quod
1170 1229 1258 1288 prop·

154 1307 200 1362 ter
221 1301 408 1378 cupiditatem
430 1299 524 1371 detur,
550 1296 597 1356 vel
608 1301 727 1373 propter
737 1297 883 1364 timorem,
905 1312 962 1354 non
973 1293 1084 1355 liberali
1106 1297 1259 1356 donatione

154 1384 250 1455 datur,
272 1385 323 1444 scd
339 1382 405 1443 telis
422 1383 500 1442 datio
519 1383 609 1456 migis
628 1380 733 1440 dicitur
748 1382 887 1456 quaestus
903 1377 948 1436 uel
971 1378 1142 1454 redemptio.
1183 1377 1259 1451 Quia

157 1469 245 1544 igitur
261 1466 387 1543 Spiritus
405 1468 520 1525 sanctus
538 1469 694 1535 estmmor,
716 1482 750 1522 er
771 1462 882 1520 ratione
908 1477 977 1520 suae
997 1463 1188 1538 processionis
1205 1460 1257 1522 ba·

154 1550 204 1611 bet
229 1552 256 1610 in
273 1567 315 1621 se,
337 1552 367 1609 ct
387 1549 464 1626 quod
483 1549 567 1609 detur
585 1551 613 1605 et
635 1546 712 1623 quod
734 1548 772 1604 sit
788 1546 861 1605 ratio
880 1544 965 1604 dandi
974 1539 1008 1626 ⁴).

239 1633 419 1711 Sernpiterne
441 1633 527 1708 igitur
552 1629 675 1705 Spiritus
707 1630 815 1688 donum
838 1627 1037 1704 temporaliter
1057 1628 1194 1687 donatum
1216 1625 1259 1687 di-

155 1717 277 1793 citur⁵)‚
295 1716 431 1794 quoniam
454 1717 560 1774 donum
580 1717 695 1790 tempus
718 1713 836 1772 omnino
856 1729 912 1771 non
935 1710 1062 1787 respicit,
1084 1711 1183 1771 datum
1205 1727 1258 1771 au·

158 1804 216 1862 tem
238 1803 351 1876 tempus
370 1794 609 1876 consignificati).

241 1881 329 1961 Igitur
349 1880 440 1942 Filius
467 1880 585 1960 quidem
607 1880 691 1938 delus
712 1883 755 1937 est
777 1876 870 1949 nobis,
893 1893 985 1954 quum
1007 1876 1089 1936 nobis
1109 1895 1183 1955 puer
1204 1895 1258 1937 na·

156 1968 204 2025 tus
223 1970 275 2030 est.
298 1969 327 2025 et
349 1963 428 2024 dedit
444 1983 476 2024 se
498 1981 551 2042 pro
569 1962 694 2039 peccatis
712 1963 832 2030 nostris3
853 1966 940 2037 atque
957 1965 1081 2020 mortam
1103 1978 1260 2037 perpessus

156 2067 251 2125 usqne
269 2050 304 2107 ad
323 2050 600 2108 consummationem
622 2043 729 2104 saeculi
751 2045 908 2120 unicuique
929 2061 961 2102 sa
983 2043 1032 2104 dat
1053 2047 1082 2103 in
1104 2044 1135 2105 S.
1156 2044 1259 2104 Sacra·

157 2139 255 2192 mento
272 2132 387 2203 alteris;
409 2137 437 2190 et
450 2134 547 2191 sancta
563 2128 687 2188 Trinitas
709 2127 769 2186 dari
787 2127 1005 2204 quodammodo
1021 2128 1077 2187 dici
1098 2132 1211 2204 potest,
1235 2127 1259 2187 si

157 2215 186 2273 in
205 2219 303 2275 animo
320 2213 446 2275 horninis
467 2215 645 2272 mensionem
668 2211 742 2280 lacit,
764 2213 815 2271 aut
835 2210 926 2269 beatis
947 2210 1096 2287 spiritibus
1116 2229 1182 2270 sese
1204 2211 1260 2281 dat,

154 2301 188 2358 ut
210 2300 270 2376 ipsa
293 2299 431 2358 truantur.
474 2295 598 2373 Spiritus
619 2295 741 2354 Sanctus
767 2299 862 2353 autem
880 2295 995 2370 proprie
1024 2293 1109 2353 datur
1119 2293 1156 2370 ⁷).
1201 2293 1262 2355 Cur

154 2383 233 2441 enirn
252 2399 370 2459 quaeso,
392 2381 431 2441 eit
448 2378 610 2441 Richardus
626 2379 643 2439 i
661 2377 692 2438 S.
716 2376 831 2437 Victore
839 2373 873 2458 ⁸),
896 2377 1020 2436 dicitnr:
1042 2375 1098 2436 Per
1117 2377 1261 2456 Spiritum

195 2555 220 2616 1)
241 2557 264 2605 S.
284 2558 433 2607 Bonoocnt.
453 2554 696 2608 inl.Scnteut.1t.
717 2553 813 2604 XVlll.
831 2551 864 2602 Δ.
883 2553 901 2602 l.
920 2553 954 2616 Q.
973 2552 1008 2601 ll.

194 2641 220 2702 2)
240 2645 343 2694 Alcur'u.
364 2643 396 2694 dc
413 2643 457 2693 tid.
478 2641 571 2694 Trinlt.
590 2641 634 2692 lib.
651 2643 685 2690 ll.
702 2655 722 2689 c.
737 2640 797 2693 XX.
811 2639 862 2706 (ed.
881 2638 957 2690 Frob.
971 2644 1034 2688 tom.
1049 2638 1070 2688 1.
1089 2653 1114 2702 p.
1131 2638 1201 2701 723.)

197 2729 223 2789 3)
242 2729 267 2780 S.
285 2731 405 2780 Andros.
427 2729 508 2781 serm.
529 2729 555 2780 in
575 2728 720 2778 Pentecost.
738 2731 801 2776 torn.
824 2727 855 2777 V.
875 2738 900 2787 p.
917 2725 961 2776 ro.

192 2814 219 2878 d)
239 2818 272 2866 D.
290 2819 379 2866 Tbom.
399 2817 425 2867 ln
444 2817 464 2866 1.
483 2815 552 2866 Scut.
574 2817 604 2864 D.
623 2815 724 2865 xviii.
744 2813 777 2874 Q.
796 2811 838 2864 38.
857 2825 881 2867 a.
901 2810 926 2861 2.
945 2811 976 2862 cl.
1001 2812 1031 2862 P.
1049 2812 1070 2862 i.
1089 2811 1116 2876 §-
1133 2811 1161 2868 2.
1179 2825 1203 2862 a.
1222 2812 1244 2863 l.

188 2901 215 2966 t)
234 2903 258 2953 S.
277 2903 342 2967 lup.
362 2903 454 2954 Trinit.
473 2905 503 2959 v,
522 2901 566 2953 lb.

187 2987 214 3052 ti)
234 2990 267 3038 D.
287 2991 375 3039 Thone
396 2989 459 3040 ctS
478 2991 581 3039 Bonan.
600 2987 617 3038 l.
636 2999 659 3039 c.

190 3075 220 3139 ’1)
239 3076 350 3138 Spiritus
374 3082 479 3126 sanctus
498 3075 702 3132 nobistantum,
722 3087 773 3125 non
785 3073 856 3125 Petri
884 3080 909 3124 et
924 3071 992 3124 rilio
1013 3072 1143 3125 donabilis
1160 3085 1261 3136 proces-

153 3162 204 3218 sit,
225 3163 292 3213 sicut
306 3169 331 3214 et
354 3163 430 3213 nobis
455 3169 554 3212 tontum
573 3161 648 3212 datus
666 3169 713 3212 est.
750 3163 784 3212 Et
799 3161 880 3214 Filius
904 3174 962 3213 uere
988 3161 1064 3212 datus
1083 3169 1123 3212 est
1138 3162 1214 3212 uobis
1238 3164 1264 3210 et
1365 3177 1367 3183 ·

153 3248 188 3299 ab
215 3255 318 3301 aeterno
345 3249 609 3312 processitrPatrc,
639 3261 690 3298 non
713 3255 742 3298 ut
762 3248 890 3299 donabilis
913 3255 1020 3305 tanturn,
1048 3247 1093 3299 sed
1106 3254 1137 3298 ut
1153 3249 1263 3311 genitus,

151 3337 198 3400 qui
215 3345 240 3388 et
252 3337 342 3388 donari
357 3342 452 3399 posset.
489 3336 620 3387 Processit
636 3348 694 3398 ergo
708 3345 737 3388 ut
750 3338 851 3399 genitus
870 3344 895 3387 et
921 3335 1064 3399 donabilis;
1094 3336 1139 3387 sed
1153 3337 1264 3400 Spiritus

154 3435 205 3474 non
219 3423 335 3487 procedit
352 3429 383 3473 ut
400 3423 508 3486 genitus,
533 3423 578 3474 sed
597 3429 694 3473 tanturn
713 3431 740 3472 ut
751 3423 865 3473 donum:
885 3424 981 3474 donum
998 3429 1082 3474 nutem
1095 3437 1195 3486 semper
1208 3423 1263 3481 luit,

156 3523 208 3561 non
229 3509 314 3559 solum
334 3509 394 3571 quia
416 3509 552 3563 donabilis.
572 3509 617 3560 sed
638 3511 698 3570 quia
717 3512 844 3572 processit
861 3511 893 3560 ab
912 3518 1020 3574 utroque
1032 3518 1057 3562 ct
1073 3512 1200 3562 donabilis
1208 3509 1263 3561 luit.

153 3598 264 3660 Μαρία.
284 3595 398 3646 Seuteut.
417 3595 445 3664 Ρ.
464 3595 485 3650 Ι.
506 3597 536 3645 D.
555 3596 654 3646 xviri.
1076 3579 1080 3586 ’

190 3685 217 3744 8)
237 3685 277 3734 lic
294 3682 387 3733 Trinlt.
406 3682 451 3732 lib.
470 3681 517 3733 Vl.
536 3695 557 3731 c.
574 3681 615 3732 ri.
633 3683 690 3735 vide
705 3682 734 3732 P.
751 3683 772 3734 l.
791 3682 818 3748 S.
837 3683 863 3732 2.
881 3697 903 3734 u.
923 3684 977 3739 lll,
997 3685 1029 3736 de
1046 3685 1164 3749 protetio
1178 3689 1203 3733 ct
1221 3685 1264 3734 de·

155 3769 211 3822 bito
244 3783 338 3820 rmore.
376 3771 565 3827 Verumtamen,
585 3783 741 3832 quamquem
769 3769 833 3819 baec
858 3769 989 3822 distinctio
1008 3771 1074 3822 iuter
1099 3770 1212 3820 debitum
1239 3775 1265 3821 et

154 3857 296 3920 gratuitum
312 3867 440 3909 cinerem.
466 3867 543 3916 quam
568 3857 687 3907 Rictord
708 3856 739 3906 de
758 3854 802 3906 SS.
821 3857 945 3908 Trinitate
962 3843 1094 3908 disserens
1105 3858 1213 3917 statuit,
1231 3858 1264 3908 ad

154 3943 332 4008 explicandam
363 3943 443 3992 menti
459 3937 570 3994 'nostrie
593 3955 762 4006 personarum
784 3943 954 3996 differentiam
972 3945 1064 3995 idonce
1081 3951 1130 4003 est,
1148 3951 1264 3996 tamenn

154 4039 227 4096 parte
247 4031 283 4081 rei
314 4025 457 4095 (objectiva)
481 4031 552 4080 nulla
568 4038 616 4082 est
653 4033 719 4084 Nam
746 4030 861 4082 debitum
889 4039 915 4083 ct
936 4033 1085 4095 gratuitum,
1105 4033 1144 4083 ler
1168 4040 1193 4084 ct
1209 4035 1263 4083 offi-

152 4119 222 4170 cium
239 4117 265 4168 in
280 4117 357 4168 rebus
373 4118 467 4168 crectis
486 4119 571 4170 solum
591 4118 769 4182 inveniuntur3
787 4119 813 4169 ln
839 4117 895 4170 Deo
913 4119 1000 4170 omnia
1014 4120 1175 4177 necessaria,
1199 4129 1264 4181 puae

153 4203 187 4256 ad
207 4203 347 4256 essentiam
365 4209 391 4256 ct
409 4203 486 4255 vitem
499 4204 625 4257 internam
643 4211 770 4270 spectant.
788 4205 908 4258 ceterum
929 4205 992 4258 baec
1009 4209 1152 4259 necessitas
1161 4218 1264 4257 summa

154 4293 266 4354 (interno
282 4299 307 4342 ct
327 4287 443 4357 externa)
462 4291 574 4345 libertas.
612 4293 703 4355 ltaque
721 4291 846 4345 rhetorice
863 4292 962 4356 egregie
978 4294 1075 4345 dicturn
1088 4291 1264 4358 pbilosopblcc

153 4391 205 4430 non
223 4380 310 4441 magni
327 4376 472 4430 ledendum
490 4387 537 4432 cst.
