2910 4936
651 209 697 275 -l'l

188 417 283 486 iesus,
296 412 387 472 iactus
401 410 538 470 obediens
551 410 686 486 usquead
698 412 828 476 mortem,
841 411 1012 485 praecipuus
1022 411 1136 469 nostrae
1146 408 1223 469 salu·

124 499 162 558 tis
172 502 271 558 auctor
282 513 334 555 nos
343 494 404 554 lieo
415 512 465 570 per
474 509 588 552 crucem
599 491 706 570 (legem
718 491 919 552 mandatorum
929 491 1051 552 decretis
1062 491 1225 572 evacuans).

125 580 329 649 reconciliavit,
352 576 508 637 inimicitiis
528 575 556 634 in
572 577 731 652 semetipso
746 573 912 634 interiectis.
942 574 1055 635 Perdita
1071 578 1147 636 enim
1164 581 1227 636 erat

124 667 223 740 gratia,
237 666 385 738 peccatum
395 664 425 720 et
441 657 699 736 moreregnahant;
721 657 892 718 exercebant
903 659 1056 733 imperium
1067 664 1226 734 potentates

125 747 294 823 hujusatiris
306 749 335 804 et
345 740 571 821 princepslrujus
583 742 691 800 mundi.
708 740 803 816 Atque
816 740 880 800 ideo
891 739 1031 810 Christus,
1043 745 1226 817 rpuirestitnit

125 830 267 908 gratiam,
290 827 438 888 uictoriam
461 827 566 895 morti,
595 824 705 884 interno
734 822 885 883 stimulum
907 823 1029 898 eripuit,
1061 827 1226 901 redemptor

126 918 224 974 noster
245 910 380 989 singulari
403 909 489 969 modo
506 913 534 969 et
552 911 596 968 cst
615 911 644 968 et
666 909 837 966 nominatur.
868 907 1070 982 PerSpiritum
1094 916 1225 968 sanctum

124 1001 222 1055 autem
240 997 429 1069 semetipsum
439 991 501 1054 Dec
520 991 643 1052 offerens
661 989 874 1049 immaculatam
891 989 1038 1074 hostiam,
1060 993 1227 1050 emundarit

125 1078 260 1142 Christus
282 1078 485 1138 conscientiam
504 1080 630 1135 nostram
648 1073 683 1134 ab
696 1073 972 1150 operibusmertuis,
994 1074 1029 1132 ad
1041 1075 1225 1134 serviendum

127 1163 189 1222 lien
207 1160 313 1220 viventi
327 1157 427 1240 (Heba.
439 1157 493 1230 lX,
518 1154 591 1238 tt).
621 1157 743 1233 Propter
758 1157 835 1234 quod
853 1160 882 1214 et
901 1155 979 1216 lleus
995 1156 1133 1216 exaltarit
1148 1174 1226 1227 enm,

127 1251 158 1306 et
179 1245 294 1304 donavit
314 1242 356 1302 illi
378 1260 504 1312 nomen,
535 1240 613 1320 quod
635 1245 679 1302 est
706 1257 794 1317 super
823 1257 910 1298 omne
932 1256 1054 1310 nomem
1090 1247 1120 1300 et
1141 1260 1226 1300 omne

125 1326 267 1406 judicium
288 1325 360 1386 Filio
383 1326 514 1396 tradidit,
537 1330 567 1385 et
587 1323 723 1386 consedet
745 1326 773 1384 in
786 1322 902 1384 dextera
924 1323 1001 1383 sedis
1023 1325 1227 1401 magnitudinis

129 1412 158 1470 in
191 1408 278 1470 coelis
301 1403 354 1490 (ἐν
382 1406 474 1488 detio
507 1411 569 1468 τοῦ
591 1406 714 1488 θρόνου
740 1408 797 1478 τῆς
828 1402 1060 1486 μεγαλωσύνης
1091 1407 1125 1466 ἐν
1153 1416 1226 1474 τοῖς

128 1489 290 1576 οὐρανοῖς)
316 1491 504 1560 Heba-Vlll,
528 1489 563 1560 1..
585 1507 602 1550 a
623 1491 732 1549 dextris
754 1489 868 1549 virtutis
891 1487 943 1548 llei
968 1485 1015 1568 (ἐκ
1038 1487 1153 1562 δεξιῶν
1174 1510 1227 1548 κα-

126 1575 272 1653 θήμενον
283 1576 339 1646 τῆς
357 1570 534 1652 δυνάμεως)
547 1573 636 1634 lilarc.
651 1571 731 1640 XlV‚
749 1569 799 1631 62.
821 1570 903 1632 Unde
916 1575 1011 1632 veniet
1022 1591 1089 1632 cum
1102 1573 1227 1633 nubibus

125 1658 220 1729 coeli;
256 1663 284 1718 et
314 1656 453 1717 retribuet
483 1656 564 1716 bonis
594 1658 724 1732 requiem
746 1656 774 1714 in
802 1654 975 1714 revelatione
997 1657 1033 1714 de
1055 1656 1138 1716 coelo
1160 1674 1226 1715 crrm

128 1741 245 1818 Angelis
267 1742 380 1800 virtutis
405 1734 593 1821 (δυνάμεως)
618 1738 695 1815 ejus:
718 1773 756 1782 —
782 1739 849 1798 mali
869 1743 965 1798 autem
985 1755 1092 1813 poenas
1118 1739 1227 1799 dalurnt

129 1826 156 1887 in
180 1825 295 1882 interitu
318 1828 447 1882 aeternas
469 1839 485 1880 a
507 1821 577 1881 iacie
597 1822 711 1882 Domini
734 1827 762 1880 et
783 1841 798 1882 a
821 1822 909 1899 gloria
932 1823 1042 1880 virtutis
1065 1822 1127 1899 ejus
1146 1823 1224 1904 (ἀπὸ

126 1909 183 1978 τῆς
203 1905 296 1978 δόξης
318 1910 375 1980 τῆς
397 1904 510 1985 ἰ’σχυος
531 1903 648 1986 αὐτοῦ)
675 1905 698 1964 ll
712 1903 813 1964 Thess.
834 1907 854 1974 l,
877 1905 905 1963 7.
929 1903 958 1963 9.
973 1901 992 1985 ¹)

192 1991 262 2048 lnde
282 1990 358 2048 misit
371 1989 510 2064 Spiritum
534 1993 675 2059 sanctum,
697 1992 729 2047 ut
750 2005 824 2064 opus
846 1989 1052 2066 redemptionis
1076 1987 1227 2065 perficeret

126 2079 212 2150 atque
233 2073 269 2132 ad
292 2071 378 2130 linem
395 2071 597 2151 sanctificando
619 2081 782 2132 creaturam
804 2073 982 2146 perduceret.
1015 2071 1078 2130 Non
1100 2091 1168 2131 roro
1191 2075 1226 2132 dc

125 2159 188 2215 siris
210 2154 337 2232 loquitur
359 2156 486 2233 spiritus,
508 2155 559 2215 sed
570 2173 686 2214 ornnem
698 2155 854 2227 ceritatem,
877 2159 964 2231 quain
977 2155 1064 2214 lesus
1078 2157 1225 2225 revelavit,

124 2240 253 2315 suggerit
271 2239 438 2310 memoriae,
460 2255 493 2298 ac
508 2242 633 2297 mentem
652 2238 681 2296 in
701 2255 765 2296 eam
784 2238 901 2310 inducit,
924 2243 953 2297 et
965 2256 1080 2298 omnem
1089 2244 1235 2316 pretinm,

124 2340 211 2398 quam
235 2323 319 2380 Jesus
342 2325 462 2394 meruit,
491 2319 653 2380 homiuibus
683 2322 832 2397 dispertit:
864 2321 917 2393 „si
940 2322 1018 2380 enim
1041 2340 1096 2380 non
1118 2324 1223 2391 abiero,

126 2403 282 2464 Paraclitus
304 2423 360 2464 non
382 2406 501 2464 veniet“
525 2404 590 2480 lpse
611 2405 661 2464 ait.
693 2405 778 2464 lesus
792 2402 923 2464 Christus
940 2409 984 2464 est
1005 2405 1033 2462 A
1049 2409 1078 2464 et
1089 2407 1128 2464 a.
1161 2407 1225 2481 lpse

124 2491 171 2548 est
193 2486 256 2547 lons
278 2489 407 2548 omnium
424 2489 593 2548 meritorum
610 2506 727 2563 semper
738 2505 865 2558 manans,
888 2487 1104 2565 quibusdelicta
1116 2489 1224 2560 deleat;

127 2574 257 2630 omnium
274 2571 439 2647 gratiarnm,
463 2569 567 2648 quibus
585 2573 712 2630 animam
732 2572 767 2628 ad
786 2573 873 2628 vitam
891 2575 1037 2628 aeternam
1056 2589 1225 2647 promeren-

126 2654 193 2712 dam
213 2657 308 2731 aptam
323 2654 440 2725 reddat3
462 2653 584 2734 Spiritus
596 2670 675 2726 vere,
698 2656 730 2712 ut
745 2653 780 2712 ab
791 2657 909 2713 aeterno
921 2655 1086 2730 processita
1099 2652 1223 2726 Christo,

127 2738 165 2796 ita
189 2741 218 2796 et
239 2739 266 2794 in
290 2739 421 2814 tempore
443 2735 478 2795 ab
500 2736 567 2812 lpso
583 2737 679 2796 omnia
696 2735 792 2798 hausit
812 2734 906 2808 bona,
927 2754 1002 2815 quae
1024 2737 1053 2796 in
1074 2743 1221 2798 creaturas

128 2819 204 2896 larga
226 2820 379 2879 donatione
401 2817 565 2893 ellandit²).

190 2903 334 2975 Quoniam
356 2907 452 2962 autem
474 2901 651 2963 contrarium
673 2920 689 2962 e
710 2901 843 2962 contrarii
871 2902 1035 2977 disparitate
1062 2902 1223 2966 distinctius

126 2982 326 3060 cognoscitur:
348 2985 377 3045 in
398 2985 556 3062 reparanda
578 2986 688 3062 perdita
710 2989 840 3045 creatura
858 2984 981 3061 Spiritus
1000 2987 1097 3059 Virtus
1114 2987 1223 3047 etSan·
1269 3017 1274 3028 ·

125 3072 210 3129 ctitas
225 3069 369 3146 imprimis
381 3074 509 3145 apparet.
541 3065 607 3141 Quo
624 3069 739 3146 gravior
755 3067 862 3144 lapsus,
885 3087 920 3129 eo
942 3070 1119 3130 manifestius
1140 3071 1222 3130 auxi-

127 3150 216 3222 liumr
246 3151 490 3230 superabundavit
507 3155 673 3228 peccatum,
703 3151 917 3227 superabundat
933 3154 1030 3228 gratia.
1067 3152 1123 3213 Sed
1144 3157 1173 3213 et
1194 3154 1223 3213 in

126 3232 183 3297 hoc
203 3251 292 3310 opere
312 3235 342 3296 S.
364 3233 488 3295 Trinitas
510 3233 716 3295 manifestatur.
755 3232 862 3306 Pater,
884 3253 900 3294 a
927 3253 985 3310 quo
1017 3251 1102 3296 omne
1124 3235 1223 3296 datum

126 3319 269 3394 optimum
287 3321 316 3376 et
336 3318 444 3378 donum
462 3315 621 3395 perlectum
641 3317 787 3378 descendit
803 3319 894 3386 Jacl,
918 3317 976 3388 17,
997 3319 1152 3394 praescivit
1172 3338 1224 3379 nos

126 3401 300 3464 Rormlllll.
321 3398 381 3473 29,
405 3402 495 3476 ipsius
511 3403 587 3460 enim
600 3400 706 3460 iactura
724 3401 912 3476 sumusEph.
926 3402 963 3472 ll,
986 3401 1043 3469 10,
1066 3406 1096 3476 et
1113 3405 1224 3464 coraor't

128 3485 277 3546 nosRonr.
291 3484 370 3556 Vlll,
386 3481 437 3543 29.
454 3485 482 3542 in
500 3486 568 3543 Jesu
580 3483 696 3544 Christo
707 3483 831 3562 Philipp.
844 3485 894 3556 lll,
915 3481 972 3556 tt,
995 3483 1006 3544 l
1020 3485 1094 3559 Petr.
1111 3485 1143 3556 V,
1165 3486 1223 3556 10,

126 3573 155 3626 et
170 3567 342 3646 justificat-it
356 3584 408 3626 nos
420 3567 504 3627 Rom.
518 3567 594 3636 Vnt,
617 3567 677 3639 ³29,
700 3566 861 3628 voluntarie
876 3567 953 3626 enim
964 3569 1062 3645 genuit
1072 3587 1124 3630 nos
1135 3570 1223 3630 verbo

126 3652 263 3720 veritatis,
285 3653 317 3708 ut
338 3651 431 3709 simus
452 3651 563 3709 initium
592 3648 707 3727 aliquod
738 3653 886 3710 creaturae
907 3649 969 3727 ejus
988 3652 1048 3712 lac.
1072 3651 1103 3724 l,
1127 3650 1174 3710 18.
1195 3655 1224 3711 et

125 3817 228 3866 consilii
247 3823 272 3866 et
291 3816 397 3866 dominii
417 3822 442 3864 et
459 3815 571 3877 imperii,
592 3815 659 3876 qrrod
679 3817 705 3865 in
721 3815 845 3867 Trinitate
864 3822 911 3866 est.
940 3781 1078 3866 Consuevtl
1096 3818 1224 3879 scriptura

125 3903 196 3954 varia
213 3902 258 3953 Dei
277 3915 353 3964 opera
372 3903 535 3962 distinguere,
555 3902 652 3962 antiqui
673 3901 782 3952 laederis
802 3901 832 3950 ad
847 3901 947 3950 Patrem
968 3901 1095 3956 reterens.
1116 3905 1174 3952 novi
1192 3905 1224 3953 ad

128 3991 173 4040 Dei
193 3991 441 4045 Filiumchristum,
461 4001 526 4050 qrrne
544 4001 603 4038 vero
619 3989 726 4049 jamjam
745 3989 830 4040 divine
848 3987 1027 4052 perficiuntur,
1048 3989 1079 4038 ad
1100 3989 1224 4053 Spiritum

125 4085 252 4128 sanctum.
282 4080 354 4128 Caes.
375 4076 439 4128 Dial.
459 4076 507 4124 lll.
526 4075 617 4126 lnterr.
637 4077 694 4126 1d7.

92 4156 98 4163 ’
166 4165 187 4224 t)
207 4165 308 4228 Quibus
328 4165 391 4215 locis
416 4165 650 4224 Virtarzsuprema
669 4168 791 4224 potestas,

162 4251 187 4311 2)
210 4255 244 4302 hc
263 4252 358 4314 Spiritu
384 4249 594 4302 sanctificationis
619 4263 684 4313 opus
710 4249 741 4300 ad
767 4249 844 4300 finem
872 4250 1023 4310 perducente
1045 4251 1079 4298 (tt.
1101 4250 1227 4298 iliaroter

127 4339 219 4387 itcrat.
239 4345 297 4386 tom.
317 4338 336 4385 1.
357 4353 380 4400 p.
400 4337 457 4386 tra.
479 4350 536 4388 vere
555 4343 579 4386 et
600 4345 672 4388 acute
691 4323 803 4387 disserit.
