2910 4936
671 311 716 376 37

146 512 311 585 pertulum
335 511 475 566 terrarum
499 507 598 566 orbern
630 505 788 566 revelatum
811 511 869 575 est,
903 509 976 566 sieut
1006 507 1100 584 lulgur
1128 514 1185 568 enit
1207 511 1240 569 ab

147 593 269 652 Oriente
291 596 320 650 et
342 597 423 664 paret
453 592 599 666 usquead
623 588 824 656 Occidentem.
855 592 932 649 etin
956 591 1064 666 Spiritu
1094 598 1192 652 sancto
1214 603 1241 652 et

147 679 268 734 recitato
290 671 405 732 Christo
427 674 534 749 ubique
556 672 617 734 Deo
638 673 733 732 cultus
755 673 936 750 acceptabilis
958 679 987 732 et
1010 674 1156 734 rationalis
1179 695 1241 751 per-

147 756 272 818 hibetur.
298 757 327 816 ln
340 756 463 832 Spiritus
479 758 594 816 nomine
609 761 712 815 euntes
723 753 862 815 docebant
873 755 1004 832 Apostoli
1017 776 1116 816 onmes
1126 765 1241 834 gentes:

149 843 216 916 ipso
237 838 417 916 baptizabant
438 839 501 898 Act.
517 839 538 907 Ι,
562 835 589 895 5.
624 839 689 915 lpse
708 842 807 916 gentes
827 839 856 898 in
878 839 1016 898 unitatem
1028 839 1175 900 Ecclesiae
1195 861 1241 900 re-

145 923 293 998 cipiendos
315 923 459 984 ostendit:
481 921 672 997 „Numquid
693 939 796 999 aquam
820 922 884 999 quis
906 920 1057 998 probibere
1080 927 1188 999 potest,
1211 931 1241 982 ut

147 1026 204 1066 non
226 1005 407 1084 baptizentur
427 1003 475 1075 bi,
504 1005 554 1080 qui
576 1004 713 1082 Spiritum
736 1008 865 1064 sanetum
898 1012 1086 1080 acceperunt,
1118 1008 1193 1066 sicut
1213 1013 1242 1066 et

148 1091 253 1150 nos‘l‘·
276 1086 340 1148 Act.
358 1087 417 1162 X,
430 1085 479 1146 tt.
508 1087 586 1147 Sicut
608 1089 683 1146 enim
706 1085 833 1146 inlusum
856 1089 884 1146 in
905 1105 973 1146 vase
994 1086 1092 1165 aliquo
1114 1106 1241 1166 unguen·

147 1178 209 1231 tum
237 1169 515 1240 eolribet'odorem,
544 1171 593 1247 qui
624 1172 710 1242 odor,
743 1171 881 1248 quamdiu
910 1171 986 1230 vasis
1006 1170 1084 1231 illius
1105 1173 1241 1249 arrgnstiis

147 1259 317 1323 coercetur,
339 1254 391 1312 etsi
408 1253 443 1313 ad
462 1252 558 1330 plures
574 1271 629 1313 non
647 1257 740 1330 potest
761 1255 921 1331 pervenire,
943 1253 1001 1312 rim
1023 1273 1105 1314 suam
1127 1265 1240 1322 serrat;

147 1356 214 1397 cnm
227 1356 295 1398 vero
306 1337 343 1397 de
358 1354 424 1396 vase
437 1335 505 1406 illo,
527 1355 586 1413 quo
597 1335 795 1405 claudebatur,
819 1339 995 1412 unguentum
1008 1337 1092 1397 luerit
1106 1338 1240 1408 eliusurn,

149 1421 234 1496 longe
257 1421 370 1498 lateque
392 1419 579 1493 dillunditur3
600 1422 638 1478 ita
660 1426 688 1479 et
710 1418 813 1480 Christi
838 1437 942 1478 nomen
963 1425 1029 1479 ante
1044 1420 1240 1496 Spiritusad-

148 1509 265 1562 ventum
287 1505 315 1562 in
338 1502 425 1562 lsrael
449 1501 573 1579 populo,
596 1504 677 1580 quasi
701 1505 728 1562 in
751 1521 819 1562 vase
830 1501 937 1580 aliquo,
959 1503 1133 1562 ludaeorum
1157 1521 1238 1562 men·

147 1585 223 1646 tibus
240 1585 442 1646 claudebatur:
465 1582 588 1666 („Natus
599 1588 674 1645 eninr
688 1586 716 1643 in
727 1585 835 1645 iudaea
848 1585 941 1653 Deus,
965 1586 993 1643 in
1007 1587 1091 1645 lsraiil
1105 1603 1239 1663 magnum

147 1687 252 1728 nomen
281 1667 380 1744 ejus“)
412 1673 510 1746 postea
540 1686 609 1728 vero
640 1686 691 1745 per
723 1685 839 1728 omnem
870 1669 969 1744 ulique
998 1675 1159 1728 ereaturam
1190 1689 1240 1734 ex·

148 1749 319 1831 tenditur¹).
365 1750 433 1812 ldeo
454 1753 636 1829 praeputium
659 1749 784 1826 amplius
806 1749 873 1810 nibil
898 1751 974 1810 valet
1003 1770 1096 1829 neque
1116 1753 1238 1810 circurn-

146 1834 229 1904 cisio,
250 1834 301 1893 sed
322 1830 401 1904 fides,
423 1851 498 1911 quae
520 1839 564 1894 est
585 1853 621 1894 ex
643 1835 751 1893 auditu.
794 1831 998 1894 Praedicabant
1020 1853 1087 1894 rero
1108 1834 1238 1910 Apostoli

147 1917 255 1992 Spiritu
277 1923 306 1977 et
325 1922 483 1992 coeperunt
505 1917 590 1977 variis
613 1917 691 1994 loqui
718 1916 839 1994 linguis,
869 1923 954 1993 prout
978 1917 1102 1992 Spiritus
1127 1926 1240 1978 sanctus

145 2001 243 2076 eloqui
265 2002 307 2060 eis
328 1999 428 2070 dabat,
459 2003 488 2060 et
510 1997 662 2076 stupebant
693 2017 794 2060 omnes
823 2017 856 2059 ac
888 1999 1065 2059 mirabantur
1095 2001 1238 2060 dicentes:

147 2082 270 2154 „Nonne
291 2100 358 2142 ecee
380 2102 480 2144 omnes
501 2084 566 2152 isti,
595 2086 643 2159 qui
667 2085 841 2160 loquuntur,
864 2081 983 2143 Galilaei
1006 2090 1086 2152 sunt,
1114 2087 1237 2164 etquo-

147 2167 233 2227 modo
256 2185 307 2226 nos
333 2167 498 2226 audirimus
518 2170 718 2244 unisquisque
740 2166 864 2243 linguam
888 2170 1031 2237 nostram,
1053 2167 1081 2224 in
1105 2185 1161 2244 qua
1184 2169 1238 2225 nati

145 2250 291 2310 sumost‘
320 2249 479 2326 Stupebant
499 2268 576 2319 sane,
598 2253 659 2308 erat
680 2251 757 2308 enim
782 2250 953 2308 miraculum
977 2251 1145 2309 inauditum.
1184 2249 1239 2308 le·

145 2351 210 2392 rum
233 2332 358 2411 Spiritus
380 2332 759 2410 linguarum-diversitatem
782 2330 952 2402 sustulerat,
985 2338 1015 2391 ul
1038 2336 1139 2392 omnes
1160 2349 1239 2392 acce-

145 2416 247 2475 derent
268 2434 326 2478 uno
347 2415 455 2493 Spiritu
476 2417 511 2476 ad
534 2433 624 2474 unum
633 2414 738 2488 Deum,
760 2415 808 2494 qui
826 2413 904 2474 Deus
925 2419 1052 2492 gentium
1074 2420 1118 2474 est
1138 2421 1167 2474 et
1188 2416 1238 2492 ln·

143 2498 295 2560 dacorum.

207 2579 273 2642 Vll.
315 2582 354 2642 Et
376 2599 490 2653 omnes,
514 2583 563 2659 qui
586 2583 758 2659 poenitentia
774 2579 888 2640 adeum
907 2583 1108 2653 revertuntur,
1130 2581 1237 2658 Spiritu

143 2664 310 2744 spirituales
332 2666 427 2727 efficit.
468 2664 507 2726 Et
528 2667 564 2724 ita
589 2681 643 2723 una
665 2667 694 2724 et
716 2666 888 2741 praecipua,
910 2667 942 2722 ut
963 2663 1068 2730 credo,
1090 2667 1163 2723 ratio
1187 2669 1237 2729 est.

146 2749 239 2825 inquit
260 2748 294 2807 l).
315 2743 484 2828 Thomas²),
506 2767 557 2807 cur
579 2748 661 2807 tertia
684 2765 803 2824 persona
826 2747 949 2823 Spiritus
972 2749 1148 2818 nominetur,
1171 2750 1237 2823 quia

146 2848 198 2908 per
215 2833 309 2908 ipsum
323 2838 352 2892 et
373 2833 446 2892 dona
469 2832 561 2908 ipsius
583 2833 611 2889 in
635 2831 881 2907 participationem
904 2830 1238 2906 dirinaeSpiritualitatis

145 2911 300 2985 trahimur,
323 2918 350 2974 in
372 2918 511 2993 quantum
528 2933 544 2974 a
562 2913 768 2990 temporalibus
790 2931 988 2982 remoremur,
1012 2913 1086 2971 unde
1108 2919 1237 2972 contern-

147 3001 243 3074 ptores
272 2998 475 3076 temporalium
504 2994 669 3072 spirituales
701 2997 852 3056 dicuntur:
885 2999 913 3056 et
942 2995 997 3056 boo
1019 2996 1073 3072 ipsi
1095 2996 1237 3059 convenit.

145 3081 325 3157 inquantum
349 3081 475 3158 procedit
496 3085 527 3138 ut
544 3097 636 3150 amor,
658 3082 707 3158 qui
730 3077 815 3138 babet
837 3079 977 3140 rationem
1002 3080 1085 3154 primi
1108 3073 1184 3146 doni,
1210 3081 1236 3138 in

144 3181 204 3242 quo
226 3167 320 3223 omnia
342 3167 415 3224 dona
438 3163 586 3222 donantur.
697 3233 699 3236 Ι

207 3245 290 3320 Quae
318 3246 437 3324 angelici
459 3247 592 3313 Doctoris
618 3245 690 3305 ratio
720 3262 858 3304 conversa
887 3242 1024 3319 majorem
1048 3247 1104 3305 rim
1134 3245 1238 3306 babere
1282 3306 1284 3310 .

146 3329 275 3398 videtur,
306 3347 371 3388 nam
394 3332 466 3390 sicut
488 3332 581 3390 omnis
602 3325 760 3387 Paternitas
792 3327 892 3388 aDeo
916 3326 998 3388 Patre
1030 3330 1173 3388 nominata
1195 3333 1239 3388 est

148 3410 236 3491 (pr.
250 3412 300 3483 ΙΙΙ,
314 3407 386 3494 15.),
408 3412 446 3472 ita
469 3413 554 3471 ctiam
577 3413 670 3471 omnis
691 3410 877 3488 spiritualitas
898 3413 926 3470 in
948 3410 1036 3471 coelis
1061 3418 1090 3472 et
1112 3413 1139 3471 in
1163 3417 1238 3472 terra

144 3513 160 3554 a
188 3493 297 3572 Spiritu
326 3495 507 3556 existentiam
535 3502 563 3555 ot
594 3512 698 3554 nomen
728 3495 872 3573 recepisse
902 3494 1057 3554 verisimile
1085 3500 1138 3554 est.
1181 3495 1238 3552 Ve-

146 3596 211 3637 rum
233 3595 325 3654 quum
347 3577 534 3654 spiritualitas
556 3577 627 3638 baec
650 3582 760 3637 terrena
780 3577 861 3638 nobis
876 3580 964 3653 magis
978 3583 1042 3636 nota
1060 3579 1113 3647 sit,
1135 3599 1170 3637 er
1191 3577 1238 3635 illa

144 3660 407 3721 denominationem
437 3661 641 3739 depromptam
672 3664 822 3738 putamus,
855 3678 994 3721 sensuum
1027 3680 1126 3721 errore
1152 3659 1238 3727 illusi,

145 3761 204 3822 quo
219 3743 321 3802 eodem
339 3743 432 3804 solem
451 3745 525 3803 circa
542 3747 647 3803 terram
670 3745 779 3803 moneri
803 3741 906 3820 vulgus
932 3743 1093 3803 arbitratur.
1128 3745 1237 3802 Revera

144 3829 240 3885 autem
264 3844 316 3888 nos
338 3824 502 3902 spirituales
523 3826 663 3884 efficimur
684 3828 841 3902 praesentia
859 3826 982 3903 Spiritus
1000 3826 1087 3884 saneti
1110 3830 1139 3886 et
1159 3843 1238 3884 eorn-

146 3911 288 3968 municata
310 3908 371 3986 ejus
394 3915 503 3968 natura.
546 3907 621 3972 Cum
644 3911 719 3968 enlm
744 3908 901 3984 benignitas
923 3913 951 3967 et
973 3907 1134 3968 humanitas
1152 3927 1239 3985 appa·

146 3994 203 4051 ruit
219 3992 374 4052 Salvatoris
392 3993 479 4051 nostri
499 3990 560 4059 liei,
583 4011 639 4052 non
656 4011 690 4050 ex
707 3991 842 4066 operibus
860 3991 996 4069 justitiae,
1018 4010 1092 4068 quae
1111 3994 1239 4056 lecimus.

145 4076 196 4135 sed
217 4076 378 4136 secundum
400 4093 481 4136 snam
504 4075 727 4136 misericordiam
749 4073 845 4132 salros
863 4092 915 4133 nos
933 4072 1000 4132 lecit
1022 4095 1073 4152 per
1094 4076 1238 4135 lavacrum

146 4160 369 4228 regenerationis
390 4165 419 4218 et
440 4159 633 4219 renovationis
648 4158 769 4232 Spiritus
792 4160 896 4226 sancti,
921 4177 1006 4232 quem
1024 4160 1124 4217 etlrrdit
1144 4161 1170 4216 in
1188 4177 1238 4216 nos

161 4339 210 4404 ‚ll
228 4339 251 4386 S.
272 4339 389 4388 Ambros.
410 4341 446 4389 De
466 4341 551 4402 Spirit.
571 4343 596 4388 S.
618 4341 641 4390 Ι.
663 4341 685 4386 7,

180 4425 206 4480 2)
228 4426 255 4474 ln
279 4427 299 4475 l.
317 4427 385 4475 Sunt.
407 4427 434 4476 D.
458 4429 485 4477 ΙΙ.
507 4429 537 4488 Q.
561 4429 578 4475 Ι,
599 4441 620 4474 a.
642 4425 665 4473 Ι.
