2910 4936
117 483 293 555 intellectu,
318 477 367 541 bic
383 476 533 541 voluntate
553 472 669 554 prodit;
693 471 760 534 licet
781 471 860 532 enim
881 469 977 532 ethic
998 469 1148 548 respectus
1169 485 1228 529 non

115 570 239 630 omuino
268 563 384 637 nullus,
417 565 515 622 minen
541 559 740 620 secundarius.
783 554 859 615 Nam
888 554 914 614 si
943 569 1011 614 eum
1040 569 1132 613 unum
1163 569 1228 614 esse

117 653 245 720 dixeris,
267 651 317 709 rix
338 647 467 724 effugere
485 646 589 724 potes,
612 641 801 703 differentiam
822 636 931 699 realem
952 638 1027 696 iuter
1048 635 1227 698 voluntatem

119 741 151 797 et
176 733 361 806 intellectum»
383 733 526 801 statuere,
554 724 800 804 quemadmodum
819 721 924 783 Soctus
947 722 1009 780 sine
1031 720 1091 780 ulla
1114 719 1228 780 dubita-

118 821 200 880 tione
225 815 298 878 felso
322 813 431 874 statuit.
475 813 578 888 ltaque
599 807 635 869 l).
656 807 783 868 Thomas
801 801 842 887 ¹),
872 804 1013 882 quidquid
1037 803 1140 865 Scotus
1158 821 1228 866 con·

120 902 260 972 tradicat,
291 903 372 958 recte
398 895 614 974 pronunciavit,
645 890 785 968 Spiritum
813 892 962 958 sanctum,
990 887 1014 947 si
1037 905 1093 948 non
1112 891 1229 948 esseta

124 983 216 1051 Filio,
238 981 430 1044 nullomodo
451 977 487 1038 ab
509 995 544 1037 eo
566 975 757 1054 personaliter
778 989 866 1050 posse
887 971 1032 1048 distingui.

208 1064 286 1126 Huic
307 1069 422 1124 nostrae
444 1061 573 1139 opinioni
596 1061 715 1119 minime
731 1058 850 1118 historia
869 1055 1046 1115 adversatur.
1080 1054 1229 1133 Scriptura

126 1151 205 1211 enim
219 1165 300 1208 sacra
312 1147 472 1207 clarissime
490 1145 576 1214 dicit,
597 1141 737 1220 Spiritum
755 1143 885 1202 sanetum
904 1139 984 1199 exire
1001 1153 1018 1197 a
1035 1137 1133 1212 Patre,
1156 1141 1230 1200 mitti

125 1250 143 1294 a
161 1231 256 1302 Fili03
278 1234 374 1307 itaque
392 1233 502 1290 exitum
519 1244 536 1286 a
552 1224 666 1286 duobus
682 1225 828 1302 designat,
850 1225 1022 1284 nouantem
1039 1222 1124 1282 aliam
1142 1223 1232 1284 ratio-
1275 1237 1277 1246 ’

127 1333 195 1375 nem
218 1312 317 1386 affert,
346 1329 405 1389 que
430 1310 501 1372 haec
524 1312 671 1387 processio
697 1325 713 1368 a
740 1309 923 1386 generatione
948 1305 1076 1379 diflerat,
1106 1307 1231 1381 scilicet,

128 1397 207 1476 quod
230 1396 301 1455 baec
322 1394 485 1465 intellectu,
509 1394 558 1454 illa
579 1393 727 1454 voluntate
744 1396 906 1452 caussatur.
940 1388 1044 1450 Primis
1062 1395 1159 1450 autem
1175 1390 1232 1450 Ec·

128 1479 234 1540 clesiae
253 1477 432 1555 temporibus
450 1477 551 1539 Patres
571 1476 692 1536 modum
711 1472 909 1536 Processionis
929 1491 985 1532 nou
1005 1477 1148 1534 scrutatos
1167 1492 1233 1536 esse

127 1559 239 1624 certum
262 1567 322 1632 est,
344 1561 395 1622 sed
415 1559 591 1621 ineffabilem
610 1577 679 1619 eum
699 1559 907 1635 pronunciant,
930 1557 966 1618 de
985 1574 1045 1634 quo
1065 1556 1136 1617 nibil
1156 1563 1234 1620 certe

128 1647 195 1708 sciri
227 1649 341 1725 potest,
373 1643 430 1705 nisi
459 1643 537 1723 quod
571 1660 629 1703 uon
658 1645 702 1702 est
727 1640 882 1720 generatio.
926 1639 1020 1701 Simili
1047 1641 1134 1701 modo
1154 1641 1234 1704 adeo

133 1729 220 1806 Greg.
242 1727 445 1788 Nazianzenus
466 1731 496 1788 et
516 1724 656 1794 Basilius,
684 1731 784 1786 contra
805 1724 1029 1785 Macedonianos
1049 1741 1112 1784 rem
1134 1722 1234 1786 catho-

127 1811 211 1874 licam
228 1815 346 1890 agentes
362 1811 521 1888 loquuntur
537 1813 567 1869 et
583 1807 723 1871 uocabulo
742 1808 929 1888 ἐκπέμψεως
947 1807 1117 1885 simpliciter
1129 1825 1235 1885 quem-

128 1897 195 1957 dam
215 1901 312 1956 actum
335 1895 503 1972 designant,
535 1891 618 1969 cujus
639 1895 772 1952 naturam
800 1909 864 1951 sese
891 1892 1023 1968 ignorare
1051 1889 1235 1968 profitentur.

128 1977 195 2042 Nou
211 1979 309 2055 itaque
326 1983 426 2039 contra
443 1981 570 2038 nostram
584 1976 748 2054 opinionem
765 1975 847 2051 objici
863 1979 972 2050 potest,
994 1976 1121 2052 primum
1136 1976 1236 2035 colen·

128 2071 188 2122 tete
214 2060 355 2140 Spiritum
377 2066 508 2122 sanctum
531 2061 708 2138 processisse
729 2057 890 2121 Ecclesiam
916 2075 1049 2136 cepresse
1075 2057 1236 2135 professam

128 2163 211 2218 esse,
237 2145 303 2206 dein
323 2149 437 2213 autem,
465 2143 549 2205 illum
571 2160 587 2202 a
610 2142 725 2204 duobus
748 2144 845 2213 exire,
874 2145 904 2202 et
926 2145 1080 2219 propterea
1104 2143 1237 2216 elucere,

128 2229 215 2290 illum
238 2233 401 2304 respectum
425 2245 490 2288 esse
512 2229 623 2287 ratione
646 2229 783 2304 primum.
825 2223 944 2285 Constat
963 2227 1057 2300 enim,
1079 2243 1096 2286 a
1117 2224 1237 2288 Graecis

129 2313 169 2374 de
192 2313 279 2373 modo
302 2313 493 2388 processionis
515 2310 629 2371 nonnisi
652 2309 774 2371 obscure
798 2309 905 2370 dictum
929 2326 994 2370 esse
1015 2314 1045 2370 et
1067 2309 1123 2371 boc
1142 2327 1238 2389 usque

128 2395 167 2456 ad
187 2394 217 2457 S.
239 2396 357 2456 loannis
377 2394 548 2456 Damasceni
569 2399 718 2470 tempora,
740 2393 835 2470 quiet
856 2393 919 2470 ipse
940 2392 1131 2454 differentiam
1151 2413 1239 2472 gene·

129 2479 252 2540 rotonis
270 2495 287 2538 a
305 2481 492 2555 processione
511 2496 568 2538 nou
587 2477 663 2537 clare
683 2478 827 2555 exposuit.
858 2476 891 2536 ln
903 2473 1003 2536 Latina
1023 2483 1119 2537 eutem
1133 2476 1240 2538 Eccle-

129 2563 175 2623 sia
198 2565 264 2638 post
283 2559 496 2622 Tertullianum
519 2557 581 2640 (qui
603 2562 712 2622 exitum
736 2578 753 2620 a
774 2557 889 2620 duobus
911 2560 981 2620 satis
999 2565 1098 2635 aperte
1120 2556 1239 2641 indicat)

129 2645 164 2707 s.
184 2644 381 2724 Augustinus,
404 2661 492 2721 quem
512 2645 592 2705 Deus
611 2642 787 2723 benignitate
807 2659 859 2703 sua
882 2647 1049 2717 vocaverat,
1072 2647 1105 2704 ut
1126 2649 1240 2721 praeter

130 2729 241 2808 gratiae
260 2728 420 2789 doctrinam
440 2727 495 2788 ho'c
513 2728 670 2806 praecipue
688 2727 794 2805 grande
811 2729 981 2804 mysterium
997 2731 1119 2805 purgata
1137 2730 1241 2805 poeni-

130 2812 223 2873 tentia
245 2816 344 2871 meute
365 2815 394 2872 et
415 2810 584 2872 illuminatis
606 2828 623 2870 a
646 2809 709 2871 Deo
731 2809 823 2871 oculis
844 2809 1034 2888 intelligeret,
1065 2829 1121 2870 non
1143 2813 1241 2870 minus

132 2895 435 2968 extenuationem,
465 2912 554 2974 quam
577 2911 630 2972 per
652 2893 831 2954 voluntatem
856 2895 1009 2971 exprimit,
1040 2893 1120 2972 quod
1148 2896 1241 2970 potis-

132 2979 210 3040 sime
232 2997 268 3039 ει
288 2976 370 3040 libris
393 2978 447 3038 lX.
471 2983 500 3038 et
522 2979 560 3038 X.
586 2978 623 3038 de
643 2977 783 3038 Trinitate
807 2975 906 3037 videre
931 2976 1007 3038 licet.
1047 2975 1125 3037 Nihil
1155 2977 1242 3055 igitur

132 3066 235 3124 contra
257 3079 311 3121 nos
332 3061 482 3123 historiam
504 3078 606 3138 agere,
629 3061 719 3121 immo
741 3058 838 3120 fovere
860 3059 942 3121 nobis
963 3059 1088 3122 arbitror
1104 3057 1141 3141 ²).

218 3143 284 3205 Non
296 3149 353 3205 tam
363 3147 474 3224 magnis
486 3142 700 3205 difficultatibus
710 3142 856 3220 implicata
865 3146 909 3204 est
918 3145 955 3204 ΙΙ.
967 3142 1122 3219 Quaestio:
1139 3147 1240 3206 utrum

133 3227 260 3305 Spiritus
274 3233 390 3289 sanctus
408 3247 444 3289 ex
463 3245 562 3288 amore
580 3230 777 3288 creaturarum
798 3227 956 3305 procedat?
989 3227 1176 3307 Pugnandum
1195 3233 1241 3292 esf

133 3314 214 3374 enim
238 3315 333 3390 potius
354 3317 453 3374 contra
474 3311 636 3374 reconditas
658 3311 815 3380 dictiones,
837 3329 924 3389 quam
945 3309 1032 3372 falsas
1051 3314 1219 3376 sententias.

222 3394 298 3457 Cum
314 3397 444 3456 omniurn
463 3400 659 3456 ereaturarum
679 3392 869 3473 perfectiones
887 3397 916 3455 in
933 3396 1058 3456 essentia
1075 3398 1171 3458 divina
1188 3416 1245 3476 per

133 3480 322 3540 eminentiam
348 3480 422 3554 sint,
451 3477 533 3539 Deus
556 3496 588 3539 se
614 3495 731 3552 amaus,
763 3481 792 3539 et
816 3484 961 3539 creaturas
987 3484 1080 3550 amet,
1110 3481 1161 3542 sed
1186 3481 1243 3542 hoo

134 3563 279 3624 translate
298 3561 484 3625 solummodo
508 3563 633 3636 dieitur3
656 3558 706 3638 qui
731 3563 809 3622 enim
832 3563 873 3622 sio
895 3561 1070 3641 loquuntur,
1093 3568 1243 3624 creaturae

135 3647 255 3707 nomine
288 3645 359 3707 nibil
393 3645 472 3706 aliud
507 3648 690 3723 exprimunt,
735 3663 824 3722 quam
855 3651 1004 3706 creaturae
1035 3645 1244 3725 perfectiones,

136 3747 213 3808 quae
238 3732 267 3791 in
292 3729 355 3790 Deo
379 3733 413 3790 ut
438 3733 592 3812 prototypo
614 3729 810 3789 inveniuntur.
847 3727 959 3789 Verum
985 3747 1068 3790 amor
1093 3736 1245 3792 creatura-

137 3829 225 3886 rum,
255 3817 288 3873 ut
308 3831 390 3874 mere
409 3813 602 3894 possibilium,
624 3813 654 3872 in
676 3811 770 3873 Deum
792 3829 850 3872 nou
872 3812 957 3873 cadit.
998 3812 1137 3874 Possibifc
1164 3815 1244 3876 enim

136 3916 176 3958 ex
202 3901 304 3957 nostro
328 3895 476 3957 intellectu
504 3901 534 3957 et
560 3914 660 3957 rerum
689 3899 851 3957 creatarum
882 3901 983 3957 natura
1008 3897 1132 3972 dicitur;
1162 3897 1246 3960 Deus

137 3998 226 4055 vero,
255 3979 306 4059 qui
326 3997 444 4058 semper
466 3980 543 4040 idem
566 3983 611 4041 est
632 3984 661 4042 et
682 3980 729 4040 cui
752 3979 857 4040 exinde
879 3997 954 4042 nova
974 3982 1093 4043 scientia
1113 3983 1245 4046 accidere

142 4107 433 4122 m

177 4173 210 4240 1]
229 4171 327 4226 Summ.
347 4171 565 4237 Q.xxxv1.a.
584 4172 622 4246 2„

176 4259 209 4327 2)
228 4261 378 4322 liejicienda
393 4257 497 4310 omuino
512 4259 559 4311 fila
572 4258 707 4312 Leibultzil
725 4257 873 4324 explicatio,
892 4272 943 4322 qua
958 4259 1035 4313 Pater
1051 4260 1246 4320 intellectilium,

139 4347 224 4400 Filius
248 4347 424 4412 intelligibile,
452 4347 563 4410 spiritus
590 4352 695 4399 sauctus
719 4345 860 4399 intellectio
882 4352 994 4403 vocatur.
1028 4347 1159 4400 Leibottz.
1180 4347 1247 4414 Opp.

141 4440 204 4487 tom.
222 4435 243 4487 1.
262 4449 287 4500 p.
305 4432 347 4486 1l,
366 4435 397 4487 cl.
414 4448 441 4499 p.
459 4432 504 4487 27.
523 4433 573 4499 (ed'
591 4433 710 4498 uutenc)
