2910 4936
676 277 720 342 39

151 479 183 534 nt
205 475 245 533 sic
268 491 319 552 per
352 471 581 550 spiritualitatem
609 474 775 552 designetur
806 477 947 550 separatio
968 491 983 534 a
1007 478 1124 536 materia
1149 484 1177 534 ot
1199 491 1250 554 per

150 560 330 618 sanctitatem
349 573 364 614 a
383 555 578 616 materialibus
596 555 752 618 defectibus
762 555 797 640 ¹).
829 555 914 631 erod
932 560 1036 618 clarius
1057 559 1123 619 inde
1144 579 1250 635 cogno·

151 644 258 714 scitur,
291 639 368 716 quod
399 641 422 700 si
444 638 539 698 Derim
568 657 620 699 ens
648 641 811 702 universale
832 659 898 702 asse
925 645 1082 718 cogitamus
1104 647 1132 702 et
1152 646 1250 702 animo

152 725 234 784 nobis
255 723 435 797 effingimus,
459 737 541 782 mens
558 722 602 782 vel
615 740 735 800 prorsus
748 723 867 785 immota
885 729 1048 802 permanet,
1071 727 1114 785 rel
1130 730 1248 802 stupore

151 808 277 885 qrrodam
300 805 435 874 allicitur,
466 806 709 882 quemadmodum
732 808 837 882 rebus,
867 825 942 884 qnae
963 807 1112 866 bominum
1134 815 1249 884 captum

150 894 306 967 superant,
337 887 398 948 irari
420 886 510 960 solet3
532 889 555 947 si
577 895 673 949 antem
694 891 826 966 spiritum
845 891 1097 969 contemplandum
1113 891 1165 950 sibi
1183 910 1249 969 pro-

152 974 296 1051 posuerit,
318 973 414 1030 statim
434 972 470 1030 ad
491 989 620 1032 amorem
641 989 673 1032 ac
696 973 898 1048 poenitentiam
920 973 1102 1050 impellitur„
1185 1025 1193 1040 ,
1333 1037 1335 1046 ,

216 1057 315 1133 ltaque
338 1055 473 1115 transitus
494 1055 528 1113 ad
551 1057 734 1115 Sanctitaienr
757 1058 852 1134 reipsa
882 1059 1010 1116 struitur.
1054 1057 1098 1116 De
1118 1056 1174 1117 boc
1196 1077 1249 1118 no·

152 1142 230 1200 mine
251 1142 350 1198 arrtem
372 1137 580 1216 inquirentibus
602 1139 678 1198 aliud
701 1142 839 1210 occurrit,
862 1140 940 1217 quod
956 1142 1002 1199 vix
1017 1138 1052 1198 ab
1069 1157 1104 1199 eo
1125 1143 1249 1217 separari

155 1226 267 1298 potest:
307 1222 403 1282 Virtus
424 1219 573 1280 ditissimi.
616 1221 747 1283 Conserti
777 1225 854 1282 enim
876 1227 905 1282 et
934 1224 1055 1282 connexi
1077 1227 1106 1282 et
1127 1223 1200 1282 alter
1221 1227 1248 1284 in

153 1305 245 1365 altero
265 1308 389 1364 contenti
411 1309 486 1364 sunt·
500 1303 529 1364 hi
551 1305 610 1365 duo
631 1309 797 1382 conceptos.
838 1305 868 1366 Si
889 1305 982 1365 Derim
1002 1308 1136 1380 respicis,
1166 1307 1250 1366 latins

156 1393 234 1466 patet
257 1391 344 1448 virtus
366 1387 524 1462 ditissimi,
547 1405 634 1466 quam
658 1387 851 1449 sanctificandi
873 1391 933 1463 vis;
959 1396 1007 1451 est
1025 1383 1102 1447 enim
1125 1390 1250 1450 sanctifi·

151 1474 227 1532 catio
249 1471 439 1531 manifestatio
468 1472 609 1547 quaedam
640 1476 784 1549 potentior
807 1476 836 1532 et
856 1471 973 1532 uirtutis
1000 1471 1136 1538 dicione:
1168 1475 1191 1531 si
1213 1472 1249 1532 ad

151 1555 292 1614 bominem
313 1553 548 1614 sanctificandum
571 1555 687 1614 oculum
712 1557 816 1628 vertis,
848 1555 933 1615 latius
954 1555 999 1615 ris
1020 1553 1250 1616 sanctificationis

151 1641 248 1714 patet;
271 1639 315 1698 est
336 1640 413 1696 enim
435 1636 604 1699 confortatio
616 1637 784 1708 voluntatis,
807 1655 883 1715 quae
898 1637 1012 1698 Virtute
1027 1636 1167 1698 Altissimi
1182 1656 1249 1715 per·

150 1719 246 1781 licitur
268 1720 409 1800 quaedam
432 1719 663 1781 sanctificationis
684 1739 759 1799 pars.
801 1721 901 1799 ltaque
922 1721 959 1780 de
986 1725 1111 1800 utroque
1133 1725 1250 1781 nominc

152 1804 327 1881 conjunctim
350 1803 504 1863 dicendum
526 1809 588 1876 est,
620 1823 656 1864 ne
686 1804 904 1880 repetitionibus
936 1805 1049 1864 molesti
1080 1805 1249 1876 efficiamur,

151 1888 301 1965 simulque
321 1889 354 1946 ut
375 1903 451 1960 rem,
475 1891 615 1966 quantum
637 1903 810 1966 possumus,
832 1889 947 1965 penitus
968 1887 1159 1964 explicemus.

213 1971 278 2030 lam
292 1987 361 2031 raro
372 1989 407 2030 ex
426 1972 538 2031 arcanis
556 1969 615 2030 illis
628 1970 816 2031 relationibus
833 1971 936 2030 divinis
951 1971 982 2028 in
998 1989 1084 2048 opero
1103 1973 1143 2030 od
1162 1980 1250 2040 estro

151 2054 367 2124 descendimus,
382 2053 599 2130 investigantes,
621 2054 707 2131 quale
722 2071 798 2131 opus
815 2059 844 2114 at
859 2072 912 2114 cur
922 2055 1040 2132 Spiritui
1058 2058 1157 2114 sancto
1170 2056 1252 2112 atiri-

151 2138 274 2209 buatnr3
297 2142 328 2196 ut
349 2139 576 2198 convenientiam
599 2135 677 2198 illios
699 2138 822 2198 nominis
836 2138 930 2198 sancti
941 2183 948 2208 ,
970 2157 1029 2216 quo
1049 2140 1250 2215 praecaeteris

149 2221 329 2296 appellatur,
351 2220 569 2297 perspiciamus.

662 2392 690 2458 ι.
712 2383 741 2445 3.

373 2507 417 2570 De
439 2507 553 2590 Spiritu
573 2517 671 2570 sancto
693 2518 719 2569 at
748 2507 856 2571 Virtute
877 2505 1026 2570 ditissimi.

213 2640 326 2702 Amoris
354 2643 470 2702 nomine
499 2643 704 2720 proprietatem
726 2639 787 2719 ejus
809 2643 934 2702 divinam
956 2646 985 2700 et
1006 2644 1151 2699 aeternam
1175 2640 1247 2698 rela-

149 2727 258 2786 tionem
281 2725 420 2803 erprimi3
451 2726 557 2805 spirita
584 2725 708 2784 divinam
731 2725 825 2802 potius
845 2734 982 2784 notarum
1002 2722 1152 2800 significari
1175 2725 1247 2783 indi-

148 2811 290 2869 carimus.
334 2807 458 2868 Sanctus
476 2813 573 2868 autem
584 2807 707 2886 Spiritus
722 2809 902 2881 nominatur,
925 2809 1062 2885 quoniam
1084 2808 1145 2886 ipse
1164 2824 1246 2884 pran-

149 2895 234 2971 cipue
256 2893 434 2952 sanctitatem
457 2895 602 2968 operatur.

213 2973 383 3054 Priusquam
405 2975 442 3034 de
463 2975 516 3034 bac
539 2975 707 3052 quaestione
728 2989 891 3034 sermonem
913 2972 1032 3033 uberius
1053 2972 1245 3040 instituamus,

151 3057 208 3119 boo
236 3059 481 3135 praemonendum
511 3059 641 3118 ridetur:
671 3059 915 3134 circumscriptam
943 3061 972 3116 et
1001 3057 1149 3116 limitatam
1184 3055 1246 3112 nul-

150 3142 208 3202 lius
239 3141 382 3202 Personae
414 3142 610 3217 operationem
638 3141 668 3199 in
700 3141 835 3217 operibus
866 3141 900 3200 ad
932 3143 1012 3199 extra
1046 3157 1097 3198 nos
1131 3141 1247 3214 putare,

153 3225 399 3302 quemadmodum
412 3223 545 3302 Origines
566 3223 679 3283 Patrem
702 3225 730 3283 in
753 3222 901 3297 omnibus,
923 3223 1028 3282 Filium
1051 3223 1081 3280 in
1103 3220 1269 3293 rationali-v

150 3309 219 3378 bus,
240 3308 377 3384 Spiritum
400 3308 429 3367 in
449 3307 560 3368 Sanctis
582 3309 695 3384 operari
718 3305 880 3386 dicebat²):
902 3307 952 3365 sed
975 3305 1134 3374 credimus,
1158 3309 1245 3364 totam

149 3390 318 3452 Trinitatem
340 3407 532 3464 concurrere,
566 3393 698 3468 quamvis
725 3408 780 3450 una
803 3408 924 3468 persona
948 3391 1129 3466 praecipuam
1152 3389 1247 3464 operis

152 3478 264 3551 partem
286 3478 424 3534 assumat.
463 3473 664 3551 lnseparabilis
680 3474 756 3534 enim
773 3475 801 3534 in
818 3491 850 3533 se
863 3474 924 3550 ipsa
939 3473 1062 3532 Trinitas
1080 3472 1156 3550 (cnm
1171 3473 1246 3530 idem

188 3683 212 3742 l)
232 3682 264 3731 D.
284 3681 372 3731 Tium.
393 3681 418 3731 in
438 3681 458 3730 l.
478 3679 546 3731 Sent.
567 3681 598 3733 b.
618 3679 650 3732 X.
669 3681 700 3746 Q.
721 3681 741 3731 l.
761 3693 784 3731 a.
803 3679 826 3730 t.
1203 3746 1204 3749 Ἴ

185 3774 213 3840 2)
231 3779 291 3848 Περὶ
309 3773 397 3848 ἀρχῶν
412 3775 456 3825 lib.
471 3775 492 3826 l.
509 3788 530 3824 c.
546 3775 570 3826 3.
590 3787 614 3826 n.
632 3773 656 3824 ii.
680 3776 804 3838 Quamris
824 3778 891 3826 enim
908 3789 932 3825 n.
946 3777 970 3826 7.
991 3773 1068 3824 addat
1083 3765 1137 3825 κατ’
1157 3772 1247 3842 ἐξοχὴν

150 3872 198 3922 bos
217 3868 339 3932 operandt
358 3868 448 3918 modos
468 3870 584 3931 personis
605 3869 699 3919 divinis
719 3870 869 3925 convenire,
898 3883 980 3930 neque
998 3869 1081 3928 majos
1100 3873 1143 3916 ant
1163 3866 1247 3915 orions

150 3957 176 4006 in
186 3954 341 4006 Trinitatem
360 3967 388 4004 se
408 3954 472 4007 ralla
490 3955 599 4012 interra.
620 3961 644 4005 at
663 3969 686 4006 n.
698 3955 721 4006 8.
741 3956 804 4004 satis
817 3955 941 4006 catholice
956 3953 1101 4018 opinionem
1122 3953 1192 4003 itiam
1205 3967 1246 4000 er-

151 4041 241 4104 plieet‚
261 4047 345 4090 tamen
365 4040 413 4090 boc
431 4041 496 4092 bena
515 4041 697 4104 reputandum,
727 4043 865 4103 posteriora
885 4043 947 4090 baec
966 4042 1020 4089 loca
1040 4039 1246 4090 tantrrmmodoa

150 4127 243 4178 nunno
263 4127 386 4176 trnnslata
405 4139 556 4188 superesse,
584 4133 608 4177 ct
626 4127 689 4177 alia:
717 4127 742 4176 in
762 4129 835 4178 Joan.
853 4135 915 4177 tom.
935 4127 968 4176 ll.
992 4141 1014 4177 n.
1034 4125 1060 4176 2.
1080 4127 1104 4177 3.
1125 4127 1165 4174 ts.
1187 4133 1246 4174 ronr.

152 4214 226 4264 xru.
246 4228 271 4262 n.
285 4211 327 4261 25.
345 4215 504 4264 contueris.
520 4215 563 4263 lib.
576 4215 648 4263 Vill.
659 4227 727 4276 pass.
737 4215 842 4266 eandem
852 4213 998 4276 opinionem
1013 4215 1080 4264 clare
1095 4214 1248 4275 caprimum

151 4302 185 4350 ito
206 4307 234 4348 ιιι
253 4300 289 4348 cl.
311 4301 421 4350 lluotirrs
446 4303 507 4350 milri
527 4303 622 4351 trustra
642 4301 774 4352 laborasse
792 4301 922 4360 rideatur,
950 4309 978 4353 ut
996 4303 1131 4363 origenem
1150 4301 1182 4348 ab
1201 4301 1247 4347 bor

152 4399 231 4438 noero
254 4393 377 4450 purgaret.
418 4387 534 4439 Eundem
554 4399 665 4440 amoram
685 4397 788 4442 secutus
807 4391 989 4445 estliorntian
1011 4387 1042 4439 dc
1060 4387 1150 4438 Trinit.
1170 4399 1193 4436 ιι.
1206 4385 1248 4434 17.
