<?xml version="1.0" encoding="UTF-8"?>
<!DOCTYPE html PUBLIC "-//W3C//DTD XHTML 1.0 Transitional//EN"
    "http://www.w3.org/TR/xhtml1/DTD/xhtml1-transitional.dtd">
<html xmlns="http://www.w3.org/1999/xhtml" xml:lang="en" lang="en">
 <head>
  <title>
</title>
<meta http-equiv="Content-Type" content="text/html;charset=utf-8" />
  <meta name='ocr-system' content='tesseract 3.04.00' />
  <meta name='ocr-capabilities' content='ocr_page ocr_carea ocr_par ocr_line ocrx_word'/>
</head>
<body>
  <div class='ocr_page' id='page_1' title='image "./denominibusspir00busegoog_0076.png"; bbox 0 0 2910 4936; ppageno 0'>
   <div class='ocr_carea' id='block_1_1' title="bbox 657 267 704 336">
    <p class='ocr_par' dir='ltr' id='par_1_1' title="bbox 657 267 704 336">
     <span class='ocr_line' id='line_1_1' title="bbox 657 267 704 336; baseline 0.043 -2"><span class='ocrx_word' id='word_1_1' title='bbox 657 267 704 336; x_wconf 79' lang='lat' dir='ltr'><strong>titt</strong></span> 
     </span>
    </p>
   </div>
   <div class='ocr_carea' id='block_1_2' title="bbox 118 463 1230 874">
    <p class='ocr_par' dir='ltr' id='par_1_2' title="bbox 118 463 1230 874">
     <span class='ocr_line' id='line_1_2' title="bbox 118 463 1227 545; baseline 0.002 -19"><span class='ocrx_word' id='word_1_2' title='bbox 118 468 176 528; x_wconf 81' lang='lat' dir='ltr'><strong>liei</strong></span> <span class='ocrx_word' id='word_1_3' title='bbox 189 467 364 545; x_wconf 81' lang='lat' dir='ltr'><strong>apparuerit,</strong></span> <span class='ocrx_word' id='word_1_4' title='bbox 384 482 443 526; x_wconf 88' lang='lat' dir='ltr'><strong>noo</strong></span> <span class='ocrx_word' id='word_1_5' title='bbox 459 483 494 526; x_wconf 82' lang='lat' dir='ltr'><strong>ex</strong></span> <span class='ocrx_word' id='word_1_6' title='bbox 516 465 652 542; x_wconf 85' lang='lat' dir='ltr'><strong>operibus</strong></span> <span class='ocrx_word' id='word_1_7' title='bbox 672 466 808 541; x_wconf 83' lang='lat' dir='ltr'><strong>justitiae,</strong></span> <span class='ocrx_word' id='word_1_8' title='bbox 831 483 906 544; x_wconf 82' lang='lat' dir='ltr'><strong>quae</strong></span> <span class='ocrx_word' id='word_1_9' title='bbox 920 463 1043 528; x_wconf 81' lang='lat' dir='ltr'><strong>tacimus</strong></span> <span class='ocrx_word' id='word_1_10' title='bbox 1076 481 1148 536; x_wconf 85' lang='lat' dir='ltr'><strong>nos,</strong></span> <span class='ocrx_word' id='word_1_11' title='bbox 1175 466 1227 528; x_wconf 83' lang='lat' dir='ltr'><strong>sed</strong></span> 
     </span>
     <span class='ocr_line' id='line_1_3' title="bbox 119 543 1228 626; baseline 0 -16"><span class='ocrx_word' id='word_1_12' title='bbox 119 551 287 612; x_wconf 85' lang='lat' dir='ltr'><strong>secundum</strong></span> <span class='ocrx_word' id='word_1_13' title='bbox 312 565 396 608; x_wconf 87' lang='lat' dir='ltr'><strong>suam</strong></span> <span class='ocrx_word' id='word_1_14' title='bbox 416 548 641 608; x_wconf 85' lang='lat' dir='ltr'><strong>misericordiam</strong></span> <span class='ocrx_word' id='word_1_15' title='bbox 665 549 762 610; x_wconf 88' lang='lat' dir='ltr'><strong>salvos</strong></span> <span class='ocrx_word' id='word_1_16' title='bbox 783 567 836 609; x_wconf 88' lang='lat' dir='ltr'><strong>nos</strong></span> <span class='ocrx_word' id='word_1_17' title='bbox 856 548 923 610; x_wconf 90' lang='lat' dir='ltr'><strong>lecit</strong></span> <span class='ocrx_word' id='word_1_18' title='bbox 943 566 993 626; x_wconf 92' lang='lat' dir='ltr'><strong>per</strong></span> <span class='ocrx_word' id='word_1_19' title='bbox 1014 543 1160 609; x_wconf 72' lang='lat' dir='ltr'><strong>lavacrum</strong></span> <span class='ocrx_word' id='word_1_20' title='bbox 1178 567 1228 610; x_wconf 90' lang='lat' dir='ltr'><strong>re·</strong></span> 
     </span>
     <span class='ocr_line' id='line_1_4' title="bbox 118 631 1228 713; baseline -0.004 -19"><span class='ocrx_word' id='word_1_21' title='bbox 118 632 318 710; x_wconf 75' lang='lat' dir='ltr'><strong>generationis</strong></span> <span class='ocrx_word' id='word_1_22' title='bbox 341 635 371 690; x_wconf 91' lang='lat' dir='ltr'><strong>et</strong></span> <span class='ocrx_word' id='word_1_23' title='bbox 400 633 594 692; x_wconf 79' lang='lat' dir='ltr'><strong>renovationis</strong></span> <span class='ocrx_word' id='word_1_24' title='bbox 619 631 755 709; x_wconf 83' lang='lat' dir='ltr'><strong>Spiritus,</strong></span> <span class='ocrx_word' id='word_1_25' title='bbox 776 647 865 708; x_wconf 86' lang='lat' dir='ltr'><strong>quem</strong></span> <span class='ocrx_word' id='word_1_26' title='bbox 884 634 983 713; x_wconf 74' lang='lat' dir='ltr'><strong>esiivdit</strong></span> <span class='ocrx_word' id='word_1_27' title='bbox 998 633 1029 689; x_wconf 82' lang='lat' dir='ltr'><strong>ie</strong></span> <span class='ocrx_word' id='word_1_28' title='bbox 1048 632 1228 692; x_wconf 73' lang='lat' dir='ltr'><strong>poenitende</strong></span> 
     </span>
     <span class='ocr_line' id='line_1_5' title="bbox 121 711 1228 794; baseline -0.003 -17"><span class='ocrx_word' id='word_1_29' title='bbox 121 733 178 794; x_wconf 87' lang='lat' dir='ltr'><strong>per</strong></span> <span class='ocrx_word' id='word_1_30' title='bbox 197 714 296 776; x_wconf 74' lang='lat' dir='ltr'><strong>Iesum</strong></span> <span class='ocrx_word' id='word_1_31' title='bbox 319 711 468 774; x_wconf 87' lang='lat' dir='ltr'><strong>Christum</strong></span> <span class='ocrx_word' id='word_1_32' title='bbox 489 715 661 776; x_wconf 85' lang='lat' dir='ltr'><strong>salvatorem</strong></span> <span class='ocrx_word' id='word_1_33' title='bbox 684 719 814 774; x_wconf 90' lang='lat' dir='ltr'><strong>nostrum</strong></span> <span class='ocrx_word' id='word_1_34' title='bbox 828 715 891 774; x_wconf 89' lang='lat' dir='ltr'><strong>.Tit.</strong></span> <span class='ocrx_word' id='word_1_35' title='bbox 926 714 986 784; x_wconf 89' lang='grc' dir='ltr'>ΙΙΙ,</span> <span class='ocrx_word' id='word_1_36' title='bbox 1009 711 1116 773; x_wconf 77' lang='grc' dir='ltr'><em>ἱι-Ἶ.</em></span> <span class='ocrx_word' id='word_1_37' title='bbox 1158 713 1228 774; x_wconf 91' lang='lat' dir='ltr'><strong>ldeo</strong></span> 
     </span>
     <span class='ocr_line' id='line_1_6' title="bbox 119 795 1230 874; baseline -0.002 -16"><span class='ocrx_word' id='word_1_38' title='bbox 119 802 260 859; x_wconf 81' lang='lat' dir='ltr'><strong>admouet</strong></span> <span class='ocrx_word' id='word_1_39' title='bbox 275 796 452 874; x_wconf 74' lang='lat' dir='ltr'><strong>Apostolus:</strong></span> <span class='ocrx_word' id='word_1_40' title='bbox 475 797 563 858; x_wconf 89' lang='lat' dir='ltr'><strong>nolite</strong></span> <span class='ocrx_word' id='word_1_41' title='bbox 585 799 726 858; x_wconf 84' lang='lat' dir='ltr'><strong>inebriari</strong></span> <span class='ocrx_word' id='word_1_42' title='bbox 742 801 817 866; x_wconf 83' lang='lat' dir='ltr'><strong>aino,</strong></span> <span class='ocrx_word' id='word_1_43' title='bbox 840 801 869 857; x_wconf 90' lang='lat' dir='ltr'><strong>in</strong></span> <span class='ocrx_word' id='word_1_44' title='bbox 886 817 944 874; x_wconf 92' lang='lat' dir='ltr'><strong>quo</strong></span> <span class='ocrx_word' id='word_1_45' title='bbox 965 803 1009 858; x_wconf 90' lang='lat' dir='ltr'><strong>est</strong></span> <span class='ocrx_word' id='word_1_46' title='bbox 1031 797 1157 868; x_wconf 83' lang='lat' dir='ltr'><strong>luxuria,</strong></span> <span class='ocrx_word' id='word_1_47' title='bbox 1178 795 1230 856; x_wconf 86' lang='lat' dir='ltr'><strong>sed</strong></span> 
     </span>
    </p>
   </div>
   <div class='ocr_carea' id='block_1_3' title="bbox 120 877 1331 961">
    <p class='ocr_par' dir='ltr' id='par_1_3' title="bbox 120 877 1331 961">
     <span class='ocr_line' id='line_1_7' title="bbox 120 877 1331 961; baseline 0.003 -25"><span class='ocrx_word' id='word_1_48' title='bbox 120 881 283 961; x_wconf 75' lang='lat' dir='ltr'><strong>implemini</strong></span> <span class='ocrx_word' id='word_1_49' title='bbox 306 879 421 958; x_wconf 74' lang='lat' dir='ltr'><strong>Spiritu</strong></span> <span class='ocrx_word' id='word_1_50' title='bbox 441 890 539 942; x_wconf 83' lang='lat' dir='ltr'><strong>sancio</strong></span> <span class='ocrx_word' id='word_1_51' title='bbox 561 877 764 961; x_wconf 62' lang='grc' dir='ltr'><strong><em>(πληροῦσθε</em></strong></span> <span class='ocrx_word' id='word_1_52' title='bbox 786 880 819 940; x_wconf 78' lang='grc' dir='ltr'><strong>ἐν</strong></span> <span class='ocrx_word' id='word_1_53' title='bbox 840 879 1018 960; x_wconf 70' lang='grc' dir='ltr'><em>πνεύματι)</em></span> <span class='ocrx_word' id='word_1_54' title='bbox 1041 879 1116 955; x_wconf 81' lang='grc' dir='ltr'>ΕρΙΙ.</span> <span class='ocrx_word' id='word_1_55' title='bbox 1140 879 1174 951; x_wconf 85' lang='lat' dir='ltr'><strong>V,</strong></span> <span class='ocrx_word' id='word_1_56' title='bbox 1196 881 1227 940; x_wconf 81' lang='grc'><strong>8.</strong></span> <span class='ocrx_word' id='word_1_57' title='bbox 1326 913 1331 920; x_wconf 89' lang='grc'><strong><em>·</em></strong></span> 
     </span>
    </p>
   </div>
   <div class='ocr_carea' id='block_1_4' title="bbox 115 961 1262 4281">
    <p class='ocr_par' dir='ltr' id='par_1_4' title="bbox 115 961 1262 2286">
     <span class='ocr_line' id='line_1_8' title="bbox 121 961 1227 1044; baseline -0.002 -20"><span class='ocrx_word' id='word_1_58' title='bbox 121 985 183 1044; x_wconf 91' lang='lat' dir='ltr'><strong>quo</strong></span> <span class='ocrx_word' id='word_1_59' title='bbox 210 965 271 1028; x_wconf 82' lang='lat' dir='ltr'><strong>loco</strong></span> <span class='ocrx_word' id='word_1_60' title='bbox 302 963 369 1024; x_wconf 90' lang='lat' dir='ltr'><strong>doni</strong></span> <span class='ocrx_word' id='word_1_61' title='bbox 403 967 479 1022; x_wconf 88' lang='lat' dir='ltr'><strong>notio</strong></span> <span class='ocrx_word' id='word_1_62' title='bbox 508 963 666 1024; x_wconf 88' lang='lat' dir='ltr'><strong>clarissime</strong></span> <span class='ocrx_word' id='word_1_63' title='bbox 695 963 799 1023; x_wconf 81' lang='lat' dir='ltr'><strong>elucet.</strong></span> <span class='ocrx_word' id='word_1_64' title='bbox 842 961 974 1025; x_wconf 77' lang='lat' dir='ltr'><strong>Charitas</strong></span> <span class='ocrx_word' id='word_1_65' title='bbox 999 964 1101 1023; x_wconf 87' lang='lat' dir='ltr'><strong>dillusa</strong></span> <span class='ocrx_word' id='word_1_66' title='bbox 1126 967 1170 1024; x_wconf 90' lang='lat' dir='ltr'><strong>est</strong></span> <span class='ocrx_word' id='word_1_67' title='bbox 1199 966 1227 1023; x_wconf 91' lang='lat' dir='ltr'><strong>in</strong></span> 
     </span>
     <span class='ocr_line' id='line_1_9' title="bbox 122 1046 1227 1125; baseline -0.004 -17"><span class='ocrx_word' id='word_1_68' title='bbox 122 1049 259 1113; x_wconf 82' lang='lat' dir='ltr'><strong>cordibus</strong></span> <span class='ocrx_word' id='word_1_69' title='bbox 294 1047 400 1106; x_wconf 90' lang='lat' dir='ltr'><strong>nostris</strong></span> <span class='ocrx_word' id='word_1_70' title='bbox 433 1064 483 1121; x_wconf 92' lang='lat' dir='ltr'><strong>per</strong></span> <span class='ocrx_word' id='word_1_71' title='bbox 510 1047 649 1124; x_wconf 86' lang='lat' dir='ltr'><strong>Spiritum</strong></span> <span class='ocrx_word' id='word_1_72' title='bbox 687 1053 840 1118; x_wconf 89' lang='lat' dir='ltr'><strong>sanctum,</strong></span> <span class='ocrx_word' id='word_1_73' title='bbox 871 1048 920 1125; x_wconf 93' lang='lat' dir='ltr'><strong>qui</strong></span> <span class='ocrx_word' id='word_1_74' title='bbox 952 1049 1034 1108; x_wconf 89' lang='lat' dir='ltr'><strong>datus</strong></span> <span class='ocrx_word' id='word_1_75' title='bbox 1062 1051 1107 1108; x_wconf 85' lang='lat' dir='ltr'><strong>est</strong></span> <span class='ocrx_word' id='word_1_76' title='bbox 1135 1046 1227 1107; x_wconf 86' lang='lat' dir='ltr'><strong>nobis.</strong></span> 
     </span>
     <span class='ocr_line' id='line_1_10' title="bbox 123 1129 1229 1208; baseline -0.004 -16"><span class='ocrx_word' id='word_1_77' title='bbox 123 1131 209 1199; x_wconf 87' lang='lat' dir='ltr'><strong>llom.</strong></span> <span class='ocrx_word' id='word_1_78' title='bbox 233 1129 268 1204; x_wconf 87' lang='lat' dir='ltr'><strong>V,</strong></span> <span class='ocrx_word' id='word_1_79' title='bbox 291 1129 320 1190; x_wconf 84' lang='lat'><strong>8.</strong></span> <span class='ocrx_word' id='word_1_80' title='bbox 363 1129 536 1206; x_wconf 85' lang='lat' dir='ltr'><strong>Quicunque</strong></span> <span class='ocrx_word' id='word_1_81' title='bbox 564 1131 672 1207; x_wconf 86' lang='lat' dir='ltr'><strong>Spiritu</strong></span> <span class='ocrx_word' id='word_1_82' title='bbox 701 1131 753 1190; x_wconf 89' lang='lat' dir='ltr'><strong>Dei</strong></span> <span class='ocrx_word' id='word_1_83' title='bbox 782 1135 925 1208; x_wconf 91' lang='lat' dir='ltr'><strong>aguntur,</strong></span> <span class='ocrx_word' id='word_1_84' title='bbox 954 1131 973 1191; x_wconf 95' lang='lat' dir='ltr'><strong>ii</strong></span> <span class='ocrx_word' id='word_1_85' title='bbox 1002 1134 1069 1191; x_wconf 91' lang='lat' dir='ltr'><strong>sunt</strong></span> <span class='ocrx_word' id='word_1_86' title='bbox 1092 1129 1229 1190; x_wconf 77' lang='lat' dir='ltr'><strong>titillet</strong></span> 
     </span>
     <span class='ocr_line' id='line_1_11' title="bbox 126 1212 1228 1289; baseline -0.002 -15"><span class='ocrx_word' id='word_1_87' title='bbox 126 1212 190 1274; x_wconf 89' lang='lat' dir='ltr'><strong>Non</strong></span> <span class='ocrx_word' id='word_1_88' title='bbox 208 1213 285 1272; x_wconf 92' lang='lat' dir='ltr'><strong>enim</strong></span> <span class='ocrx_word' id='word_1_89' title='bbox 309 1214 459 1289; x_wconf 80' lang='lat' dir='ltr'><strong>accepistis</strong></span> <span class='ocrx_word' id='word_1_90' title='bbox 479 1214 611 1288; x_wconf 87' lang='lat' dir='ltr'><strong>spiritum</strong></span> <span class='ocrx_word' id='word_1_91' title='bbox 627 1214 774 1274; x_wconf 89' lang='lat' dir='ltr'><strong>servitutis</strong></span> <span class='ocrx_word' id='word_1_92' title='bbox 795 1216 900 1274; x_wconf 88' lang='lat' dir='ltr'><strong>iterum</strong></span> <span class='ocrx_word' id='word_1_93' title='bbox 919 1214 1042 1284; x_wconf 90' lang='lat' dir='ltr'><strong>timore,</strong></span> <span class='ocrx_word' id='word_1_94' title='bbox 1074 1213 1125 1272; x_wconf 93' lang='lat' dir='ltr'><strong>sed</strong></span> <span class='ocrx_word' id='word_1_95' title='bbox 1147 1229 1228 1272; x_wconf 88' lang='lat' dir='ltr'><strong>acce·</strong></span> 
     </span>
     <span class='ocr_line' id='line_1_12' title="bbox 128 1295 1229 1376; baseline 0 -22"><span class='ocrx_word' id='word_1_96' title='bbox 128 1298 208 1373; x_wconf 93' lang='lat' dir='ltr'><strong>pistis</strong></span> <span class='ocrx_word' id='word_1_97' title='bbox 231 1295 369 1372; x_wconf 89' lang='lat' dir='ltr'><strong>Spiritum</strong></span> <span class='ocrx_word' id='word_1_98' title='bbox 389 1297 551 1373; x_wconf 89' lang='lat' dir='ltr'><strong>adoptionis</strong></span> <span class='ocrx_word' id='word_1_99' title='bbox 568 1295 701 1364; x_wconf 81' lang='lat' dir='ltr'><strong>filiorum,</strong></span> <span class='ocrx_word' id='word_1_100' title='bbox 724 1298 752 1355; x_wconf 91' lang='lat' dir='ltr'><strong>in</strong></span> <span class='ocrx_word' id='word_1_101' title='bbox 776 1315 834 1373; x_wconf 93' lang='lat' dir='ltr'><strong>quo</strong></span> <span class='ocrx_word' id='word_1_102' title='bbox 858 1296 1035 1356; x_wconf 88' lang='lat' dir='ltr'><strong>clamamus:</strong></span> <span class='ocrx_word' id='word_1_103' title='bbox 1057 1295 1137 1354; x_wconf 86' lang='lat' dir='ltr'><strong>Abba</strong></span> <span class='ocrx_word' id='word_1_104' title='bbox 1164 1295 1229 1376; x_wconf 83' lang='lat' dir='ltr'><strong>(Pa-</strong></span> 
     </span>
     <span class='ocr_line' id='line_1_13' title="bbox 128 1376 1228 1458; baseline 0 -20"><span class='ocrx_word' id='word_1_105' title='bbox 128 1380 184 1458; x_wconf 74' lang='lat' dir='ltr'><strong>ter)</strong></span> <span class='ocrx_word' id='word_1_106' title='bbox 207 1379 291 1438; x_wconf 84' lang='lat' dir='ltr'><strong>llom.</strong></span> <span class='ocrx_word' id='word_1_107' title='bbox 314 1377 393 1448; x_wconf 91' lang='lat' dir='ltr'><strong>Vlll,</strong></span> <span class='ocrx_word' id='word_1_108' title='bbox 418 1376 465 1438; x_wconf 81' lang='lat' dir='ltr'><strong>li.</strong></span> <span class='ocrx_word' id='word_1_109' title='bbox 489 1377 547 1449; x_wconf 77' lang='lat'><strong>15,</strong></span> <span class='ocrx_word' id='word_1_110' title='bbox 570 1377 646 1439; x_wconf 89' lang='lat' dir='ltr'><strong>hunc</strong></span> <span class='ocrx_word' id='word_1_111' title='bbox 659 1380 735 1438; x_wconf 90' lang='lat' dir='ltr'><strong>misit</strong></span> <span class='ocrx_word' id='word_1_112' title='bbox 757 1379 834 1438; x_wconf 87' lang='lat' dir='ltr'><strong>lleus</strong></span> <span class='ocrx_word' id='word_1_113' title='bbox 856 1381 884 1440; x_wconf 90' lang='lat' dir='ltr'><strong>io</strong></span> <span class='ocrx_word' id='word_1_114' title='bbox 906 1379 995 1439; x_wconf 85' lang='lat' dir='ltr'><strong>corda</strong></span> <span class='ocrx_word' id='word_1_115' title='bbox 1010 1388 1119 1438; x_wconf 82' lang='lat' dir='ltr'><strong>nostro.</strong></span> <span class='ocrx_word' id='word_1_116' title='bbox 1162 1377 1228 1438; x_wconf 82' lang='lat' dir='ltr'><strong>Gal.</strong></span> 
     </span>
     <span class='ocr_line' id='line_1_14' title="bbox 140 1460 1229 1540; baseline 0.001 -19"><span class='ocrx_word' id='word_1_117' title='bbox 140 1462 187 1536; x_wconf 87' lang='lat' dir='ltr'><strong>tv,</strong></span> <span class='ocrx_word' id='word_1_118' title='bbox 210 1463 239 1521; x_wconf 83' lang='lat' dir='ltr'><strong>c.</strong></span> <span class='ocrx_word' id='word_1_119' title='bbox 280 1461 317 1521; x_wconf 86' lang='lat' dir='ltr'><strong>Et</strong></span> <span class='ocrx_word' id='word_1_120' title='bbox 335 1463 397 1537; x_wconf 91' lang='lat' dir='ltr'><strong>ipse</strong></span> <span class='ocrx_word' id='word_1_121' title='bbox 420 1463 541 1537; x_wconf 87' lang='lat' dir='ltr'><strong>Spiritus</strong></span> <span class='ocrx_word' id='word_1_122' title='bbox 560 1463 757 1522; x_wconf 89' lang='lat' dir='ltr'><strong>testimonium</strong></span> <span class='ocrx_word' id='word_1_123' title='bbox 776 1463 867 1523; x_wconf 89' lang='lat' dir='ltr'><strong>reddit</strong></span> <span class='ocrx_word' id='word_1_124' title='bbox 885 1460 1005 1540; x_wconf 89' lang='lat' dir='ltr'><strong>Spiritui</strong></span> <span class='ocrx_word' id='word_1_125' title='bbox 1020 1465 1128 1530; x_wconf 86' lang='lat' dir='ltr'><strong>nostro,</strong></span> <span class='ocrx_word' id='word_1_126' title='bbox 1149 1461 1229 1539; x_wconf 92' lang='lat' dir='ltr'><strong>quod</strong></span> 
     </span>
     <span class='ocr_line' id='line_1_15' title="bbox 127 1542 1231 1622; baseline -0.002 -18"><span class='ocrx_word' id='word_1_127' title='bbox 127 1563 230 1604; x_wconf 90' lang='lat' dir='ltr'><strong>sumus</strong></span> <span class='ocrx_word' id='word_1_128' title='bbox 251 1543 315 1604; x_wconf 84' lang='lat' dir='ltr'><strong>Filii</strong></span> <span class='ocrx_word' id='word_1_129' title='bbox 341 1544 394 1604; x_wconf 89' lang='lat' dir='ltr'><strong>Dei</strong></span> <span class='ocrx_word' id='word_1_130' title='bbox 420 1544 683 1614; x_wconf 83' lang='lat' dir='ltr'><strong>llum.Vlll,17.</strong></span> <span class='ocrx_word' id='word_1_131' title='bbox 729 1547 793 1622; x_wconf 89' lang='lat' dir='ltr'><strong>lpse</strong></span> <span class='ocrx_word' id='word_1_132' title='bbox 818 1546 932 1622; x_wconf 87' lang='lat' dir='ltr'><strong>adjuvat</strong></span> <span class='ocrx_word' id='word_1_133' title='bbox 958 1563 1074 1606; x_wconf 90' lang='lat' dir='ltr'><strong>omnem</strong></span> <span class='ocrx_word' id='word_1_134' title='bbox 1109 1542 1231 1603; x_wconf 86' lang='lat' dir='ltr'><strong>infirmi-</strong></span> 
     </span>
     <span class='ocr_line' id='line_1_16' title="bbox 125 1627 1229 1706; baseline -0.001 -18"><span class='ocrx_word' id='word_1_135' title='bbox 125 1633 213 1688; x_wconf 88' lang='lat' dir='ltr'><strong>tatem</strong></span> <span class='ocrx_word' id='word_1_136' title='bbox 237 1632 410 1688; x_wconf 89' lang='lat' dir='ltr'><strong>nostramet</strong></span> <span class='ocrx_word' id='word_1_137' title='bbox 430 1627 554 1706; x_wconf 91' lang='lat' dir='ltr'><strong>postulat</strong></span> <span class='ocrx_word' id='word_1_138' title='bbox 575 1629 604 1686; x_wconf 91' lang='lat' dir='ltr'><strong>in</strong></span> <span class='ocrx_word' id='word_1_139' title='bbox 621 1629 703 1688; x_wconf 88' lang='lat' dir='ltr'><strong>nobis</strong></span> <span class='ocrx_word' id='word_1_140' title='bbox 724 1647 776 1704; x_wconf 93' lang='lat' dir='ltr'><strong>pro</strong></span> <span class='ocrx_word' id='word_1_141' title='bbox 798 1628 880 1689; x_wconf 90' lang='lat' dir='ltr'><strong>nohis</strong></span> <span class='ocrx_word' id='word_1_142' title='bbox 897 1629 1056 1706; x_wconf 63' lang='lat' dir='ltr'><strong>gemitibus«</strong></span> <span class='ocrx_word' id='word_1_143' title='bbox 1070 1627 1229 1687; x_wconf 89' lang='lat' dir='ltr'><strong>inerrabili·</strong></span> 
     </span>
     <span class='ocr_line' id='line_1_17' title="bbox 127 1709 1262 1788; baseline -0.004 -17"><span class='ocrx_word' id='word_1_144' title='bbox 127 1710 189 1771; x_wconf 90' lang='lat' dir='ltr'><strong>bus.</strong></span> <span class='ocrx_word' id='word_1_145' title='bbox 211 1709 262 1769; x_wconf 72' lang='lat' dir='ltr'><strong>aa.</strong></span> <span class='ocrx_word' id='word_1_146' title='bbox 285 1710 334 1770; x_wconf 75' lang='lat'><strong>27.</strong></span> <span class='ocrx_word' id='word_1_147' title='bbox 357 1709 425 1788; x_wconf 90' lang='lat' dir='ltr'><strong>Ipso</strong></span> <span class='ocrx_word' id='word_1_148' title='bbox 448 1713 548 1787; x_wconf 83' lang='lat' dir='ltr'><strong>signati</strong></span> <span class='ocrx_word' id='word_1_149' title='bbox 570 1728 671 1770; x_wconf 89' lang='lat' dir='ltr'><strong>sumus</strong></span> <span class='ocrx_word' id='word_1_150' title='bbox 693 1713 719 1770; x_wconf 90' lang='lat' dir='ltr'><strong>in</strong></span> <span class='ocrx_word' id='word_1_151' title='bbox 737 1713 813 1770; x_wconf 93' lang='lat' dir='ltr'><strong>diem</strong></span> <span class='ocrx_word' id='word_1_152' title='bbox 832 1712 1056 1788; x_wconf 86' lang='lat' dir='ltr'><strong>redemptionis,</strong></span> <span class='ocrx_word' id='word_1_153' title='bbox 1088 1727 1175 1788; x_wconf 91' lang='lat' dir='ltr'><strong>quem</strong></span> <span class='ocrx_word' id='word_1_154' title='bbox 1191 1728 1228 1769; x_wconf 90' lang='lat' dir='ltr'><strong>ne</strong></span> <span class='ocrx_word' id='word_1_155' title='bbox 1257 1777 1262 1787; x_wconf 37' lang='lat'>¹</span> 
     </span>
     <span class='ocr_line' id='line_1_18' title="bbox 126 1793 1229 1872; baseline -0.002 -18"><span class='ocrx_word' id='word_1_156' title='bbox 126 1795 332 1856; x_wconf 88' lang='lat' dir='ltr'><strong>contristemur</strong></span> <span class='ocrx_word' id='word_1_157' title='bbox 351 1793 487 1853; x_wconf 88' lang='lat' dir='ltr'><strong>admonet</strong></span> <span class='ocrx_word' id='word_1_158' title='bbox 502 1793 660 1870; x_wconf 80' lang='lat' dir='ltr'><strong>Apostolus</strong></span> <span class='ocrx_word' id='word_1_159' title='bbox 679 1794 753 1872; x_wconf 87' lang='lat' dir='ltr'><strong>Eph.</strong></span> <span class='ocrx_word' id='word_1_160' title='bbox 776 1795 825 1864; x_wconf 90' lang='lat' dir='ltr'><strong>lV,</strong></span> <span class='ocrx_word' id='word_1_161' title='bbox 848 1794 896 1855; x_wconf 88' lang='lat'><strong>30.</strong></span> <span class='ocrx_word' id='word_1_162' title='bbox 919 1794 1076 1872; x_wconf 84' lang='lat' dir='ltr'><strong>Propterea</strong></span> <span class='ocrx_word' id='word_1_163' title='bbox 1095 1795 1229 1872; x_wconf 82' lang='lat' dir='ltr'><strong>ternplum</strong></span> 
     </span>
     <span class='ocr_line' id='line_1_19' title="bbox 128 1875 1227 1954; baseline 0.002 -19"><span class='ocrx_word' id='word_1_164' title='bbox 128 1877 182 1936; x_wconf 87' lang='lat' dir='ltr'><strong>Dei</strong></span> <span class='ocrx_word' id='word_1_165' title='bbox 200 1897 298 1936; x_wconf 86' lang='lat' dir='ltr'><strong>sumus</strong></span> <span class='ocrx_word' id='word_1_166' title='bbox 316 1884 342 1934; x_wconf 85' lang='lat' dir='ltr'><strong>ei</strong></span> <span class='ocrx_word' id='word_1_167' title='bbox 364 1875 490 1954; x_wconf 80' lang='lat' dir='ltr'><strong>Spiritus</strong></span> <span class='ocrx_word' id='word_1_168' title='bbox 511 1875 566 1935; x_wconf 84' lang='lat' dir='ltr'><strong>Dei</strong></span> <span class='ocrx_word' id='word_1_169' title='bbox 587 1879 699 1937; x_wconf 76' lang='lat' dir='ltr'><strong>tectior</strong></span> <span class='ocrx_word' id='word_1_170' title='bbox 719 1881 751 1938; x_wconf 84' lang='lat' dir='ltr'><strong>iu</strong></span> <span class='ocrx_word' id='word_1_171' title='bbox 774 1879 863 1937; x_wconf 84' lang='lat' dir='ltr'><strong>nobis.</strong></span> <span class='ocrx_word' id='word_1_172' title='bbox 886 1878 899 1937; x_wconf 93' lang='grc' dir='ltr'>Ι</span> <span class='ocrx_word' id='word_1_173' title='bbox 921 1876 989 1938; x_wconf 86' lang='lat' dir='ltr'><strong>Cor.</strong></span> <span class='ocrx_word' id='word_1_174' title='bbox 1012 1877 1071 1950; x_wconf 88' lang='grc' dir='ltr'>ΙΙΙ,</span> <span class='ocrx_word' id='word_1_175' title='bbox 1095 1876 1144 1936; x_wconf 87' lang='grc'><strong>16.</strong></span> <span class='ocrx_word' id='word_1_176' title='bbox 1168 1876 1227 1946; x_wconf 89' lang='lat' dir='ltr'><strong>Vl,</strong></span> 
     </span>
     <span class='ocr_line' id='line_1_20' title="bbox 127 1958 1230 2042; baseline 0.001 -24"><span class='ocrx_word' id='word_1_177' title='bbox 127 1960 193 2021; x_wconf 75' lang='lat' dir='ltr'><strong>th:</strong></span> <span class='ocrx_word' id='word_1_178' title='bbox 217 1958 263 2042; x_wconf 85' lang='lat' dir='ltr'><strong>(an</strong></span> <span class='ocrx_word' id='word_1_179' title='bbox 286 1963 409 2030; x_wconf 88' lang='lat' dir='ltr'><strong>nescitis,</strong></span> <span class='ocrx_word' id='word_1_180' title='bbox 432 1961 568 2038; x_wconf 90' lang='lat' dir='ltr'><strong>quoniam</strong></span> <span class='ocrx_word' id='word_1_181' title='bbox 591 1962 721 2021; x_wconf 86' lang='lat' dir='ltr'><strong>membra</strong></span> <span class='ocrx_word' id='word_1_182' title='bbox 745 1966 839 2022; x_wconf 84' lang='lat' dir='ltr'><strong>vestra</strong></span> <span class='ocrx_word' id='word_1_183' title='bbox 859 1960 1000 2038; x_wconf 89' lang='lat' dir='ltr'><strong>templum</strong></span> <span class='ocrx_word' id='word_1_184' title='bbox 1020 1966 1088 2021; x_wconf 89' lang='lat' dir='ltr'><strong>sunt</strong></span> <span class='ocrx_word' id='word_1_185' title='bbox 1104 1960 1230 2038; x_wconf 89' lang='lat' dir='ltr'><strong>Spiritus</strong></span> 
     </span>
     <span class='ocr_line' id='line_1_21' title="bbox 115 2042 1229 2121; baseline 0.001 -18"><span class='ocrx_word' id='word_1_186' title='bbox 115 2046 225 2114; x_wconf 79' lang='lat' dir='ltr'><strong>sao‘cli,</strong></span> <span class='ocrx_word' id='word_1_187' title='bbox 250 2042 348 2121; x_wconf 89' lang='lat' dir='ltr'><strong>quiin</strong></span> <span class='ocrx_word' id='word_1_188' title='bbox 371 2044 452 2103; x_wconf 92' lang='lat' dir='ltr'><strong>vobis</strong></span> <span class='ocrx_word' id='word_1_189' title='bbox 476 2049 528 2111; x_wconf 90' lang='lat' dir='ltr'><strong>est,</strong></span> <span class='ocrx_word' id='word_1_190' title='bbox 551 2059 639 2119; x_wconf 88' lang='lat' dir='ltr'><strong>quem</strong></span> <span class='ocrx_word' id='word_1_191' title='bbox 660 2043 772 2104; x_wconf 90' lang='lat' dir='ltr'><strong>habetis</strong></span> <span class='ocrx_word' id='word_1_192' title='bbox 791 2063 806 2104; x_wconf 91' lang='lat' dir='ltr'><strong>a</strong></span> <span class='ocrx_word' id='word_1_193' title='bbox 824 2043 887 2104; x_wconf 90' lang='lat' dir='ltr'><strong>Deo</strong></span> <span class='ocrx_word' id='word_1_194' title='bbox 908 2050 935 2104; x_wconf 90' lang='lat' dir='ltr'><strong>et</strong></span> <span class='ocrx_word' id='word_1_195' title='bbox 954 2064 1009 2105; x_wconf 91' lang='lat' dir='ltr'><strong>non</strong></span> <span class='ocrx_word' id='word_1_196' title='bbox 1029 2047 1097 2104; x_wconf 91' lang='lat' dir='ltr'><strong>estis</strong></span> <span class='ocrx_word' id='word_1_197' title='bbox 1120 2043 1229 2104; x_wconf 83' lang='lat' dir='ltr'><strong>vestril</strong></span> 
     </span>
     <span class='ocr_line' id='line_1_22' title="bbox 125 2123 1228 2195; baseline -0.001 -8"><span class='ocrx_word' id='word_1_198' title='bbox 125 2127 154 2188; x_wconf 95' lang='lat' dir='ltr'><strong>ll</strong></span> <span class='ocrx_word' id='word_1_199' title='bbox 175 2127 241 2188; x_wconf 84' lang='lat' dir='ltr'><strong>Cor.</strong></span> <span class='ocrx_word' id='word_1_200' title='bbox 265 2124 320 2195; x_wconf 89' lang='lat' dir='ltr'><strong>Vl,</strong></span> <span class='ocrx_word' id='word_1_201' title='bbox 344 2124 392 2184; x_wconf 87' lang='grc'><strong>16.</strong></span> <span class='ocrx_word' id='word_1_202' title='bbox 409 2127 438 2185; x_wconf 92' lang='lat' dir='ltr'><strong>in</strong></span> <span class='ocrx_word' id='word_1_203' title='bbox 461 2123 579 2186; x_wconf 90' lang='lat' dir='ltr'><strong>Christo</strong></span> <span class='ocrx_word' id='word_1_204' title='bbox 595 2130 624 2185; x_wconf 91' lang='lat' dir='ltr'><strong>et</strong></span> <span class='ocrx_word' id='word_1_205' title='bbox 640 2145 691 2186; x_wconf 93' lang='lat' dir='ltr'><strong>vos</strong></span> <span class='ocrx_word' id='word_1_206' title='bbox 706 2126 882 2188; x_wconf 90' lang='lat' dir='ltr'><strong>coaedificati</strong></span> <span class='ocrx_word' id='word_1_207' title='bbox 898 2129 968 2188; x_wconf 88' lang='lat' dir='ltr'><strong>estis</strong></span> <span class='ocrx_word' id='word_1_208' title='bbox 987 2130 1015 2188; x_wconf 91' lang='lat' dir='ltr'><strong>in</strong></span> <span class='ocrx_word' id='word_1_209' title='bbox 1033 2125 1228 2188; x_wconf 88' lang='lat' dir='ltr'><strong>habitaculum</strong></span> 
     </span>
     <span class='ocr_line' id='line_1_23' title="bbox 125 2205 608 2286; baseline -0.017 -14"><span class='ocrx_word' id='word_1_210' title='bbox 125 2210 180 2272; x_wconf 85' lang='lat' dir='ltr'><strong>het</strong></span> <span class='ocrx_word' id='word_1_211' title='bbox 200 2214 227 2269; x_wconf 90' lang='lat' dir='ltr'><strong>in</strong></span> <span class='ocrx_word' id='word_1_212' title='bbox 250 2209 359 2286; x_wconf 89' lang='lat' dir='ltr'><strong>Spiritu</strong></span> <span class='ocrx_word' id='word_1_213' title='bbox 381 2209 456 2286; x_wconf 89' lang='lat' dir='ltr'><strong>Eph.</strong></span> <span class='ocrx_word' id='word_1_214' title='bbox 479 2208 516 2278; x_wconf 89' lang='grc' dir='ltr'><strong>ΙΙ,</strong></span> <span class='ocrx_word' id='word_1_215' title='bbox 538 2205 608 2283; x_wconf 64' lang='lat'><strong>22).</strong></span> 
     </span>
    </p>

    <p class='ocr_par' dir='ltr' id='par_1_5' title="bbox 120 2291 1229 2870">
     <span class='ocr_line' id='line_1_24' title="bbox 207 2291 1229 2371; baseline 0.001 -19"><span class='ocrx_word' id='word_1_216' title='bbox 207 2292 262 2352; x_wconf 84' lang='lat' dir='ltr'><strong>Tot</strong></span> <span class='ocrx_word' id='word_1_217' title='bbox 281 2293 350 2352; x_wconf 88' lang='lat' dir='ltr'><strong>lucis</strong></span> <span class='ocrx_word' id='word_1_218' title='bbox 370 2291 457 2351; x_wconf 89' lang='lat' dir='ltr'><strong>simul</strong></span> <span class='ocrx_word' id='word_1_219' title='bbox 470 2291 598 2352; x_wconf 88' lang='lat' dir='ltr'><strong>collectis</strong></span> <span class='ocrx_word' id='word_1_220' title='bbox 624 2296 653 2352; x_wconf 90' lang='lat' dir='ltr'><strong>et</strong></span> <span class='ocrx_word' id='word_1_221' title='bbox 681 2295 854 2371; x_wconf 88' lang='lat' dir='ltr'><strong>comparatis</strong></span> <span class='ocrx_word' id='word_1_222' title='bbox 874 2292 975 2371; x_wconf 92' lang='lat' dir='ltr'><strong>procul</strong></span> <span class='ocrx_word' id='word_1_223' title='bbox 993 2292 1081 2354; x_wconf 91' lang='lat' dir='ltr'><strong>dubio</strong></span> <span class='ocrx_word' id='word_1_224' title='bbox 1096 2292 1229 2368; x_wconf 86' lang='lat' dir='ltr'><strong>efficitur,</strong></span> 
     </span>
     <span class='ocr_line' id='line_1_25' title="bbox 120 2373 1229 2458; baseline -0.001 -20"><span class='ocrx_word' id='word_1_225' title='bbox 120 2373 262 2454; x_wconf 90' lang='lat' dir='ltr'><strong>Spiritum</strong></span> <span class='ocrx_word' id='word_1_226' title='bbox 295 2379 426 2434; x_wconf 90' lang='lat' dir='ltr'><strong>sanctum</strong></span> <span class='ocrx_word' id='word_1_227' title='bbox 455 2375 682 2435; x_wconf 76' lang='lat' dir='ltr'><strong>sirhsiveutioiiter</strong></span> <span class='ocrx_word' id='word_1_228' title='bbox 714 2373 915 2458; x_wconf 77' lang='grc' dir='ltr'>(οὑσιωδώς)</span> <span class='ocrx_word' id='word_1_229' title='bbox 950 2377 1063 2436; x_wconf 87' lang='lat' dir='ltr'><strong>animae</strong></span> <span class='ocrx_word' id='word_1_230' title='bbox 1094 2379 1121 2436; x_wconf 92' lang='lat' dir='ltr'><strong>iu</strong></span> <span class='ocrx_word' id='word_1_231' title='bbox 1153 2395 1229 2437; x_wconf 87' lang='lat' dir='ltr'><strong>novo</strong></span> 
     </span>
     <span class='ocr_line' id='line_1_26' title="bbox 121 2458 1228 2538; baseline 0.001 -19"><span class='ocrx_word' id='word_1_232' title='bbox 121 2459 311 2519; x_wconf 87' lang='lat' dir='ltr'><strong>Testamento</strong></span> <span class='ocrx_word' id='word_1_233' title='bbox 336 2465 516 2535; x_wconf 88' lang='lat' dir='ltr'><strong>praesentem</strong></span> <span class='ocrx_word' id='word_1_234' title='bbox 535 2476 607 2528; x_wconf 90' lang='lat' dir='ltr'><strong>esse,</strong></span> <span class='ocrx_word' id='word_1_235' title='bbox 630 2460 707 2537; x_wconf 93' lang='lat' dir='ltr'><strong>quod</strong></span> <span class='ocrx_word' id='word_1_236' title='bbox 726 2462 860 2538; x_wconf 90' lang='lat' dir='ltr'><strong>quidem,</strong></span> <span class='ocrx_word' id='word_1_237' title='bbox 895 2463 943 2538; x_wconf 93' lang='lat' dir='ltr'><strong>qui</strong></span> <span class='ocrx_word' id='word_1_238' title='bbox 962 2458 1152 2520; x_wconf 87' lang='lat' dir='ltr'><strong>Christianam</strong></span> <span class='ocrx_word' id='word_1_239' title='bbox 1184 2460 1228 2520; x_wconf 89' lang='lat' dir='ltr'><strong>vi-</strong></span> 
     </span>
     <span class='ocr_line' id='line_1_27' title="bbox 122 2541 1228 2618; baseline -0.001 -15"><span class='ocrx_word' id='word_1_240' title='bbox 122 2549 184 2603; x_wconf 90' lang='lat' dir='ltr'><strong>tam</strong></span> <span class='ocrx_word' id='word_1_241' title='bbox 207 2542 327 2613; x_wconf 89' lang='lat' dir='ltr'><strong>noverit,</strong></span> <span class='ocrx_word' id='word_1_242' title='bbox 351 2559 436 2602; x_wconf 88' lang='lat' dir='ltr'><strong>nemo</strong></span> <span class='ocrx_word' id='word_1_243' title='bbox 455 2544 608 2618; x_wconf 88' lang='lat' dir='ltr'><strong>negaverit.</strong></span> <span class='ocrx_word' id='word_1_244' title='bbox 640 2543 673 2602; x_wconf 92' lang='lat' dir='ltr'><strong>ln</strong></span> <span class='ocrx_word' id='word_1_245' title='bbox 693 2541 825 2603; x_wconf 88' lang='lat' dir='ltr'><strong>Patribus</strong></span> <span class='ocrx_word' id='word_1_246' title='bbox 843 2561 914 2602; x_wconf 90' lang='lat' dir='ltr'><strong>vero</strong></span> <span class='ocrx_word' id='word_1_247' title='bbox 932 2545 1038 2602; x_wconf 87' lang='lat' dir='ltr'><strong>veteris</strong></span> <span class='ocrx_word' id='word_1_248' title='bbox 1065 2545 1228 2602; x_wconf 89' lang='lat' dir='ltr'><strong>testamenti</strong></span> 
     </span>
     <span class='ocr_line' id='line_1_28' title="bbox 123 2622 1229 2706; baseline -0.002 -21"><span class='ocrx_word' id='word_1_249' title='bbox 123 2626 326 2687; x_wconf 89' lang='lat' dir='ltr'><strong>tantummodo</strong></span> <span class='ocrx_word' id='word_1_250' title='bbox 348 2625 507 2684; x_wconf 88' lang='lat' dir='ltr'><strong>secundum</strong></span> <span class='ocrx_word' id='word_1_251' title='bbox 538 2627 733 2700; x_wconf 85' lang='lat' dir='ltr'><strong>operationem</strong></span> <span class='ocrx_word' id='word_1_252' title='bbox 762 2625 884 2703; x_wconf 88' lang='lat' dir='ltr'><strong>alicujus</strong></span> <span class='ocrx_word' id='word_1_253' title='bbox 901 2629 1015 2687; x_wconf 89' lang='lat' dir='ltr'><strong>virtutis</strong></span> <span class='ocrx_word' id='word_1_254' title='bbox 1033 2622 1118 2706; x_wconf 76' lang='grc' dir='ltr'>(κατ’</span> <span class='ocrx_word' id='word_1_255' title='bbox 1141 2625 1229 2705; x_wconf 77' lang='grc' dir='ltr'><strong><em>ἐνερ-</em></strong></span> 
     </span>
     <span class='ocr_line' id='line_1_29' title="bbox 123 2707 1228 2790; baseline 0.001 -22"><span class='ocrx_word' id='word_1_256' title='bbox 123 2707 232 2790; x_wconf 68' lang='lat' dir='ltr'><strong>petav)</strong></span> <span class='ocrx_word' id='word_1_257' title='bbox 254 2709 360 2767; x_wconf 88' lang='lat' dir='ltr'><strong>aderat.</strong></span> <span class='ocrx_word' id='word_1_258' title='bbox 385 2708 428 2766; x_wconf 82' lang='lat' dir='ltr'><strong>lie</strong></span> <span class='ocrx_word' id='word_1_259' title='bbox 450 2709 600 2785; x_wconf 92' lang='lat' dir='ltr'><strong>utriusque</strong></span> <span class='ocrx_word' id='word_1_260' title='bbox 622 2709 701 2768; x_wconf 90' lang='lat' dir='ltr'><strong>modi</strong></span> <span class='ocrx_word' id='word_1_261' title='bbox 722 2715 817 2769; x_wconf 89' lang='lat' dir='ltr'><strong>autem</strong></span> <span class='ocrx_word' id='word_1_262' title='bbox 840 2709 1004 2769; x_wconf 87' lang='lat' dir='ltr'><strong>discrimine</strong></span> <span class='ocrx_word' id='word_1_263' title='bbox 1027 2715 1125 2785; x_wconf 91' lang='lat' dir='ltr'><strong>postea</strong></span> <span class='ocrx_word' id='word_1_264' title='bbox 1153 2708 1228 2769; x_wconf 87' lang='lat' dir='ltr'><strong>dice·</strong></span> 
     </span>
     <span class='ocr_line' id='line_1_30' title="bbox 124 2791 1228 2870; baseline -0.005 -18"><span class='ocrx_word' id='word_1_265' title='bbox 124 2809 204 2861; x_wconf 90' lang='lat' dir='ltr'><strong>mus,</strong></span> <span class='ocrx_word' id='word_1_266' title='bbox 225 2807 313 2868; x_wconf 88' lang='lat' dir='ltr'><strong>quam</strong></span> <span class='ocrx_word' id='word_1_267' title='bbox 330 2791 523 2850; x_wconf 90' lang='lat' dir='ltr'><strong>substantialis</strong></span> <span class='ocrx_word' id='word_1_268' title='bbox 544 2793 719 2865; x_wconf 86' lang='lat' dir='ltr'><strong>praesentiae</strong></span> <span class='ocrx_word' id='word_1_269' title='bbox 731 2797 861 2851; x_wconf 89' lang='lat' dir='ltr'><strong>naturam</strong></span> <span class='ocrx_word' id='word_1_270' title='bbox 871 2794 976 2852; x_wconf 91' lang='lat' dir='ltr'><strong>clarius</strong></span> <span class='ocrx_word' id='word_1_271' title='bbox 986 2793 1228 2870; x_wconf 85' lang='lat' dir='ltr'><strong>perspexerimus.</strong></span> 
     </span>
    </p>

    <p class='ocr_par' dir='ltr' id='par_1_6' title="bbox 125 2873 1229 3269">
     <span class='ocr_line' id='line_1_31' title="bbox 213 2873 1228 2953; baseline -0.007 -17"><span class='ocrx_word' id='word_1_272' title='bbox 213 2873 353 2936; x_wconf 86' lang='lat' dir='ltr'><strong>Uniouem</strong></span> <span class='ocrx_word' id='word_1_273' title='bbox 369 2877 465 2952; x_wconf 88' lang='lat' dir='ltr'><strong>itaque</strong></span> <span class='ocrx_word' id='word_1_274' title='bbox 486 2873 565 2932; x_wconf 84' lang='lat' dir='ltr'><strong>illam</strong></span> <span class='ocrx_word' id='word_1_275' title='bbox 584 2891 641 2933; x_wconf 88' lang='lat' dir='ltr'><strong>non</strong></span> <span class='ocrx_word' id='word_1_276' title='bbox 663 2891 726 2934; x_wconf 88' lang='lat' dir='ltr'><strong>esse</strong></span> <span class='ocrx_word' id='word_1_277' title='bbox 750 2876 904 2953; x_wconf 82' lang='grc' dir='ltr'><strong><em>φυσικὴν,</em></strong></span> <span class='ocrx_word' id='word_1_278' title='bbox 926 2893 1022 2952; x_wconf 87' lang='lat' dir='ltr'><strong>neque</strong></span> <span class='ocrx_word' id='word_1_279' title='bbox 1042 2879 1228 2934; x_wconf 81' lang='grc' dir='ltr'><strong>ὑποστατι-</strong></span> 
     </span>
     <span class='ocr_line' id='line_1_32' title="bbox 125 2953 1229 3037; baseline -0.001 -21"><span class='ocrx_word' id='word_1_280' title='bbox 125 2956 205 3029; x_wconf 79' lang='grc' dir='ltr'><em>κὴν,</em></span> <span class='ocrx_word' id='word_1_281' title='bbox 228 2959 278 3018; x_wconf 86' lang='lat' dir='ltr'><strong>sed</strong></span> <span class='ocrx_word' id='word_1_282' title='bbox 300 2975 364 3016; x_wconf 86' lang='lat' dir='ltr'><strong>esse</strong></span> <span class='ocrx_word' id='word_1_283' title='bbox 385 2953 475 3015; x_wconf 76' lang='lat' dir='ltr'><strong>cneci</strong></span> <span class='ocrx_word' id='word_1_284' title='bbox 496 2954 640 3036; x_wconf 78' lang='grc' dir='ltr'><strong><em>μετοχὴν</em></strong></span> <span class='ocrx_word' id='word_1_285' title='bbox 661 2957 707 3016; x_wconf 84' lang='lat' dir='ltr'><strong>vel</strong></span> <span class='ocrx_word' id='word_1_286' title='bbox 729 2955 820 3014; x_wconf 71' lang='lat' dir='ltr'><strong>envoi</strong></span> <span class='ocrx_word' id='word_1_287' title='bbox 842 2957 1072 3037; x_wconf 79' lang='grc' dir='ltr'>συναφείανθΙ</span> <span class='ocrx_word' id='word_1_288' title='bbox 1094 2955 1229 3036; x_wconf 59' lang='grc' dir='ltr'>μέθεξιν</span> 
     </span>
     <span class='ocr_line' id='line_1_33' title="bbox 126 3037 1229 3121; baseline -0.002 -22"><span class='ocrx_word' id='word_1_289' title='bbox 126 3039 289 3121; x_wconf 71' lang='grc' dir='ltr'><strong><em>σχετικὴν</em></strong></span> <span class='ocrx_word' id='word_1_290' title='bbox 310 3039 407 3100; x_wconf 88' lang='lat' dir='ltr'><strong>Patres</strong></span> <span class='ocrx_word' id='word_1_291' title='bbox 431 3037 531 3099; x_wconf 85' lang='lat' dir='ltr'><strong>Graeci</strong></span> <span class='ocrx_word' id='word_1_292' title='bbox 556 3041 700 3100; x_wconf 89' lang='lat' dir='ltr'><strong>allirmant</strong></span> <span class='ocrx_word' id='word_1_293' title='bbox 719 3059 753 3100; x_wconf 92' lang='lat' dir='ltr'><strong>ac</strong></span> <span class='ocrx_word' id='word_1_294' title='bbox 775 3040 920 3100; x_wconf 88' lang='lat' dir='ltr'><strong>declarant</strong></span> <span class='ocrx_word' id='word_1_295' title='bbox 930 3043 953 3116; x_wconf 77' lang='grc' dir='ltr'><strong>ι)</strong></span> <span class='ocrx_word' id='word_1_296' title='bbox 975 3048 1003 3100; x_wconf 87' lang='lat' dir='ltr'><strong>et</strong></span> <span class='ocrx_word' id='word_1_297' title='bbox 1024 3042 1059 3101; x_wconf 89' lang='lat' dir='ltr'><strong>ad</strong></span> <span class='ocrx_word' id='word_1_298' title='bbox 1081 3040 1154 3100; x_wconf 87' lang='lat' dir='ltr'><strong>hacc</strong></span> <span class='ocrx_word' id='word_1_299' title='bbox 1178 3040 1229 3099; x_wconf 82' lang='lat' dir='ltr'><strong>SS.</strong></span> 
     </span>
     <span class='ocr_line' id='line_1_34' title="bbox 125 3121 1227 3201; baseline -0.005 -17"><span class='ocrx_word' id='word_1_300' title='bbox 125 3125 243 3184; x_wconf 79' lang='lat' dir='ltr'><strong>Petrum</strong></span> <span class='ocrx_word' id='word_1_301' title='bbox 263 3122 348 3182; x_wconf 87' lang='lat' dir='ltr'><strong>verba</strong></span> <span class='ocrx_word' id='word_1_302' title='bbox 368 3123 583 3199; x_wconf 88' lang='lat' dir='ltr'><strong>inquisitionem</strong></span> <span class='ocrx_word' id='word_1_303' title='bbox 606 3127 731 3182; x_wconf 91' lang='lat' dir='ltr'><strong>nostram</strong></span> <span class='ocrx_word' id='word_1_304' title='bbox 754 3124 921 3201; x_wconf 85' lang='lat' dir='ltr'><strong>dirigemus,</strong></span> <span class='ocrx_word' id='word_1_305' title='bbox 944 3141 980 3182; x_wconf 92' lang='lat' dir='ltr'><strong>ne</strong></span> <span class='ocrx_word' id='word_1_306' title='bbox 1001 3126 1030 3184; x_wconf 90' lang='lat' dir='ltr'><strong>in</strong></span> <span class='ocrx_word' id='word_1_307' title='bbox 1050 3128 1109 3184; x_wconf 87' lang='lat' dir='ltr'><strong>tam</strong></span> <span class='ocrx_word' id='word_1_308' title='bbox 1131 3121 1227 3183; x_wconf 89' lang='lat' dir='ltr'><strong>subtili</strong></span> 
     </span>
     <span class='ocr_line' id='line_1_35' title="bbox 126 3204 1206 3269; baseline -0.004 -3"><span class='ocrx_word' id='word_1_309' title='bbox 126 3225 162 3269; x_wconf 91' lang='lat' dir='ltr'><strong>ac</strong></span> <span class='ocrx_word' id='word_1_310' title='bbox 183 3205 300 3268; x_wconf 88' lang='lat' dir='ltr'><strong>sublimi</strong></span> <span class='ocrx_word' id='word_1_311' title='bbox 319 3223 379 3266; x_wconf 88' lang='lat' dir='ltr'><strong>rea</strong></span> <span class='ocrx_word' id='word_1_312' title='bbox 401 3223 471 3266; x_wconf 91' lang='lat' dir='ltr'><strong>vero</strong></span> <span class='ocrx_word' id='word_1_313' title='bbox 491 3204 668 3266; x_wconf 80' lang='lat' dir='ltr'><strong>aberremus.</strong></span> <span class='ocrx_word' id='word_1_314' title='bbox 1201 3226 1206 3246; x_wconf 80' lang='lat'>=</span> 
     </span>
    </p>

    <p class='ocr_par' dir='ltr' id='par_1_7' title="bbox 124 3287 1232 4014">
     <span class='ocr_line' id='line_1_36' title="bbox 213 3287 1230 3364; baseline -0.001 -14"><span class='ocrx_word' id='word_1_315' title='bbox 213 3287 331 3350; x_wconf 87' lang='lat' dir='ltr'><strong>Unionis</strong></span> <span class='ocrx_word' id='word_1_316' title='bbox 364 3289 449 3364; x_wconf 90' lang='lat' dir='ltr'><strong>igitur</strong></span> <span class='ocrx_word' id='word_1_317' title='bbox 471 3293 600 3348; x_wconf 89' lang='lat' dir='ltr'><strong>naturam</strong></span> <span class='ocrx_word' id='word_1_318' title='bbox 633 3288 814 3364; x_wconf 81' lang='lat' dir='ltr'><strong>explorantes</strong></span> <span class='ocrx_word' id='word_1_319' title='bbox 842 3287 964 3349; x_wconf 87' lang='lat' dir='ltr'><strong>unitates</strong></span> <span class='ocrx_word' id='word_1_320' title='bbox 992 3289 1168 3350; x_wconf 87' lang='lat' dir='ltr'><strong>substantiae</strong></span> <span class='ocrx_word' id='word_1_321' title='bbox 1199 3292 1230 3349; x_wconf 89' lang='lat' dir='ltr'><strong>et</strong></span> 
     </span>
     <span class='ocr_line' id='line_1_37' title="bbox 126 3368 1229 3453; baseline -0.002 -21"><span class='ocrx_word' id='word_1_322' title='bbox 126 3370 259 3442; x_wconf 88' lang='lat' dir='ltr'><strong>lormae,</strong></span> <span class='ocrx_word' id='word_1_323' title='bbox 281 3373 369 3432; x_wconf 93' lang='lat' dir='ltr'><strong>totius</strong></span> <span class='ocrx_word' id='word_1_324' title='bbox 390 3375 419 3429; x_wconf 88' lang='lat' dir='ltr'><strong>et</strong></span> <span class='ocrx_word' id='word_1_325' title='bbox 430 3374 555 3448; x_wconf 87' lang='lat' dir='ltr'><strong>partium</strong></span> <span class='ocrx_word' id='word_1_326' title='bbox 577 3368 818 3453; x_wconf 78' lang='lat' dir='ltr'><strong>(quantitativum)</strong></span> <span class='ocrx_word' id='word_1_327' title='bbox 842 3378 871 3431; x_wconf 91' lang='lat' dir='ltr'><strong>et</strong></span> <span class='ocrx_word' id='word_1_328' title='bbox 892 3374 1030 3433; x_wconf 88' lang='lat' dir='ltr'><strong>unitatem</strong></span> <span class='ocrx_word' id='word_1_329' title='bbox 1050 3375 1229 3433; x_wconf 84' lang='lat' dir='ltr'><strong>numericam</strong></span> 
     </span>
     <span class='ocr_line' id='line_1_38' title="bbox 124 3453 1228 3534; baseline -0.004 -16"><span class='ocrx_word' id='word_1_330' title='bbox 124 3456 298 3534; x_wconf 86' lang='lat' dir='ltr'><strong>cogitatione</strong></span> <span class='ocrx_word' id='word_1_331' title='bbox 320 3472 487 3530; x_wconf 89' lang='lat' dir='ltr'><strong>percurrere</strong></span> <span class='ocrx_word' id='word_1_332' title='bbox 504 3471 536 3513; x_wconf 88' lang='lat' dir='ltr'><strong>ac</strong></span> <span class='ocrx_word' id='word_1_333' title='bbox 559 3453 733 3531; x_wconf 87' lang='lat' dir='ltr'><strong>perlustrare</strong></span> <span class='ocrx_word' id='word_1_334' title='bbox 754 3473 828 3531; x_wconf 91' lang='lat' dir='ltr'><strong>opus</strong></span> <span class='ocrx_word' id='word_1_335' title='bbox 855 3471 913 3514; x_wconf 91' lang='lat' dir='ltr'><strong>non</strong></span> <span class='ocrx_word' id='word_1_336' title='bbox 933 3463 992 3524; x_wconf 88' lang='lat' dir='ltr'><strong>est,</strong></span> <span class='ocrx_word' id='word_1_337' title='bbox 1022 3459 1159 3534; x_wconf 87' lang='lat' dir='ltr'><strong>quoniam</strong></span> <span class='ocrx_word' id='word_1_338' title='bbox 1193 3455 1228 3514; x_wconf 89' lang='lat' dir='ltr'><strong>ad</strong></span> 
     </span>
     <span class='ocr_line' id='line_1_39' title="bbox 126 3537 1228 3621; baseline 0 -25"><span class='ocrx_word' id='word_1_339' title='bbox 126 3537 328 3618; x_wconf 71' lang='lat' dir='ltr'><strong>epplicaudam</strong></span> <span class='ocrx_word' id='word_1_340' title='bbox 346 3537 434 3608; x_wconf 90' lang='lat' dir='ltr'><strong>illam,</strong></span> <span class='ocrx_word' id='word_1_341' title='bbox 457 3555 544 3614; x_wconf 90' lang='lat' dir='ltr'><strong>quam</strong></span> <span class='ocrx_word' id='word_1_342' title='bbox 566 3539 777 3621; x_wconf 76' lang='lat' dir='ltr'><strong>investigamus,</strong></span> <span class='ocrx_word' id='word_1_343' title='bbox 801 3538 870 3598; x_wconf 90' lang='lat' dir='ltr'><strong>nihil</strong></span> <span class='ocrx_word' id='word_1_344' title='bbox 886 3537 1047 3598; x_wconf 82' lang='lat' dir='ltr'><strong>conferunt.</strong></span> <span class='ocrx_word' id='word_1_345' title='bbox 1089 3538 1228 3615; x_wconf 87' lang='lat' dir='ltr'><strong>Reliquas</strong></span> 
     </span>
     <span class='ocr_line' id='line_1_40' title="bbox 127 3618 1230 3697; baseline -0.002 -15"><span class='ocrx_word' id='word_1_346' title='bbox 127 3627 227 3682; x_wconf 86' lang='lat' dir='ltr'><strong>autem</strong></span> <span class='ocrx_word' id='word_1_347' title='bbox 248 3618 399 3697; x_wconf 90' lang='lat' dir='ltr'><strong>possibiles</strong></span> <span class='ocrx_word' id='word_1_348' title='bbox 419 3629 593 3680; x_wconf 73' lang='lat' dir='ltr'><strong>deterrarum</strong></span> <span class='ocrx_word' id='word_1_349' title='bbox 624 3623 653 3679; x_wconf 92' lang='lat' dir='ltr'><strong>et</strong></span> <span class='ocrx_word' id='word_1_350' title='bbox 687 3637 876 3697; x_wconf 88' lang='lat' dir='ltr'><strong>personarum</strong></span> <span class='ocrx_word' id='word_1_351' title='bbox 906 3624 1030 3682; x_wconf 90' lang='lat' dir='ltr'><strong>unitates</strong></span> <span class='ocrx_word' id='word_1_352' title='bbox 1061 3626 1091 3680; x_wconf 92' lang='lat' dir='ltr'><strong>et</strong></span> <span class='ocrx_word' id='word_1_353' title='bbox 1109 3622 1230 3680; x_wconf 85' lang='lat' dir='ltr'><strong>uniones</strong></span> 
     </span>
     <span class='ocr_line' id='line_1_41' title="bbox 126 3703 1231 3781; baseline -0.005 -14"><span class='ocrx_word' id='word_1_354' title='bbox 126 3721 333 3781; x_wconf 85' lang='lat' dir='ltr'><strong>comparemus</strong></span> <span class='ocrx_word' id='word_1_355' title='bbox 352 3706 487 3780; x_wconf 88' lang='lat' dir='ltr'><strong>oportet,</strong></span> <span class='ocrx_word' id='word_1_356' title='bbox 509 3709 541 3762; x_wconf 91' lang='lat' dir='ltr'><strong>ut</strong></span> <span class='ocrx_word' id='word_1_357' title='bbox 558 3704 677 3780; x_wconf 91' lang='lat' dir='ltr'><strong>propius</strong></span> <span class='ocrx_word' id='word_1_358' title='bbox 707 3704 742 3762; x_wconf 89' lang='lat' dir='ltr'><strong>ad</strong></span> <span class='ocrx_word' id='word_1_359' title='bbox 773 3703 989 3780; x_wconf 85' lang='lat' dir='ltr'><strong>intelligentiam</strong></span> <span class='ocrx_word' id='word_1_360' title='bbox 1005 3704 1091 3780; x_wconf 88' lang='lat' dir='ltr'><strong>hujus</strong></span> <span class='ocrx_word' id='word_1_361' title='bbox 1113 3704 1231 3763; x_wconf 89' lang='lat' dir='ltr'><strong>acceda-</strong></span> 
     </span>
     <span class='ocr_line' id='line_1_42' title="bbox 130 3784 1232 3864; baseline -0.001 -16"><span class='ocrx_word' id='word_1_362' title='bbox 130 3806 206 3848; x_wconf 93' lang='lat' dir='ltr'><strong>mus.</strong></span> <span class='ocrx_word' id='word_1_363' title='bbox 249 3784 381 3858; x_wconf 87' lang='lat' dir='ltr'><strong>Quarum</strong></span> <span class='ocrx_word' id='word_1_364' title='bbox 399 3788 504 3844; x_wconf 89' lang='lat' dir='ltr'><strong>seriem</strong></span> <span class='ocrx_word' id='word_1_365' title='bbox 521 3804 537 3846; x_wconf 92' lang='lat' dir='ltr'><strong>a</strong></span> <span class='ocrx_word' id='word_1_366' title='bbox 555 3803 668 3846; x_wconf 91' lang='lat' dir='ltr'><strong>summu</strong></span> <span class='ocrx_word' id='word_1_367' title='bbox 686 3790 715 3846; x_wconf 89' lang='lat' dir='ltr'><strong>et</strong></span> <span class='ocrx_word' id='word_1_368' title='bbox 733 3786 768 3846; x_wconf 89' lang='lat' dir='ltr'><strong>ab</strong></span> <span class='ocrx_word' id='word_1_369' title='bbox 786 3789 844 3846; x_wconf 89' lang='lat' dir='ltr'><strong>ima</strong></span> <span class='ocrx_word' id='word_1_370' title='bbox 863 3805 1008 3863; x_wconf 85' lang='lat' dir='ltr'><strong>exponere</strong></span> <span class='ocrx_word' id='word_1_371' title='bbox 1022 3786 1232 3864; x_wconf 84' lang='lat' dir='ltr'><strong>aggredientes,</strong></span> 
     </span>
     <span class='ocr_line' id='line_1_43' title="bbox 127 3868 1231 3948; baseline -0.002 -16"><span class='ocrx_word' id='word_1_372' title='bbox 127 3871 247 3932; x_wconf 77' lang='lat' dir='ltr'><strong>forsitan</strong></span> <span class='ocrx_word' id='word_1_373' title='bbox 262 3870 386 3928; x_wconf 91' lang='lat' dir='ltr'><strong>mediam</strong></span> <span class='ocrx_word' id='word_1_374' title='bbox 406 3868 493 3938; x_wconf 89' lang='lat' dir='ltr'><strong>illam,</strong></span> <span class='ocrx_word' id='word_1_375' title='bbox 515 3887 602 3948; x_wconf 92' lang='lat' dir='ltr'><strong>quam</strong></span> <span class='ocrx_word' id='word_1_376' title='bbox 620 3873 796 3947; x_wconf 85' lang='lat' dir='ltr'><strong>quaerimus,</strong></span> <span class='ocrx_word' id='word_1_377' title='bbox 817 3868 862 3930; x_wconf 89' lang='lat' dir='ltr'><strong>vel</strong></span> <span class='ocrx_word' id='word_1_378' title='bbox 885 3873 976 3948; x_wconf 88' lang='lat' dir='ltr'><strong>ipsam</strong></span> <span class='ocrx_word' id='word_1_379' title='bbox 997 3870 1042 3930; x_wconf 91' lang='lat' dir='ltr'><strong>vel</strong></span> <span class='ocrx_word' id='word_1_380' title='bbox 1055 3868 1117 3947; x_wconf 85' lang='lat' dir='ltr'><strong>ejus</strong></span> <span class='ocrx_word' id='word_1_381' title='bbox 1128 3869 1231 3930; x_wconf 89' lang='lat' dir='ltr'><strong>simili·</strong></span> 
     </span>
     <span class='ocr_line' id='line_1_44' title="bbox 128 3952 473 4014; baseline -0.017 0"><span class='ocrx_word' id='word_1_382' title='bbox 128 3956 260 4014; x_wconf 89' lang='lat' dir='ltr'><strong>tudinem</strong></span> <span class='ocrx_word' id='word_1_383' title='bbox 284 3952 473 4012; x_wconf 90' lang='lat' dir='ltr'><strong>inveniemus.</strong></span> 
     </span>
    </p>

    <p class='ocr_par' dir='ltr' id='par_1_8' title="bbox 128 4033 1229 4281">
     <span class='ocr_line' id='line_1_45' title="bbox 214 4033 1229 4113; baseline -0.001 -16"><span class='ocrx_word' id='word_1_384' title='bbox 214 4037 335 4098; x_wconf 90' lang='lat' dir='ltr'><strong>Summa</strong></span> <span class='ocrx_word' id='word_1_385' title='bbox 352 4037 448 4110; x_wconf 90' lang='lat' dir='ltr'><strong>itaque</strong></span> <span class='ocrx_word' id='word_1_386' title='bbox 465 4037 570 4108; x_wconf 89' lang='lat' dir='ltr'><strong>unitas,</strong></span> <span class='ocrx_word' id='word_1_387' title='bbox 587 4037 675 4097; x_wconf 81' lang='lat' dir='ltr'><strong>realis</strong></span> <span class='ocrx_word' id='word_1_388' title='bbox 692 4041 779 4113; x_wconf 89' lang='lat' dir='ltr'><strong>atque</strong></span> <span class='ocrx_word' id='word_1_389' title='bbox 797 4035 957 4097; x_wconf 84' lang='lat' dir='ltr'><strong>essentialis</strong></span> <span class='ocrx_word' id='word_1_390' title='bbox 972 4034 1001 4096; x_wconf 90' lang='lat' dir='ltr'><strong>in</strong></span> <span class='ocrx_word' id='word_1_391' title='bbox 1021 4033 1070 4096; x_wconf 88' lang='lat' dir='ltr'><strong>SS.</strong></span> <span class='ocrx_word' id='word_1_392' title='bbox 1088 4034 1229 4096; x_wconf 86' lang='lat' dir='ltr'><strong>Trinitate</strong></span> 
     </span>
     <span class='ocr_line' id='line_1_46' title="bbox 128 4117 1229 4196; baseline -0.004 -14"><span class='ocrx_word' id='word_1_393' title='bbox 128 4123 252 4184; x_wconf 85' lang='lat' dir='ltr'><strong>constat.</strong></span> <span class='ocrx_word' id='word_1_394' title='bbox 295 4117 438 4176; x_wconf 83' lang='lat' dir='ltr'><strong>Differuut</strong></span> <span class='ocrx_word' id='word_1_395' title='bbox 465 4121 581 4194; x_wconf 91' lang='lat' dir='ltr'><strong>quidem</strong></span> <span class='ocrx_word' id='word_1_396' title='bbox 604 4125 662 4180; x_wconf 88' lang='lat' dir='ltr'><strong>tres</strong></span> <span class='ocrx_word' id='word_1_397' title='bbox 691 4137 832 4196; x_wconf 86' lang='lat' dir='ltr'><strong>personae</strong></span> <span class='ocrx_word' id='word_1_398' title='bbox 862 4119 1049 4180; x_wconf 88' lang='lat' dir='ltr'><strong>relationibus</strong></span> <span class='ocrx_word' id='word_1_399' title='bbox 1077 4120 1153 4180; x_wconf 86' lang='lat' dir='ltr'><strong>inter</strong></span> <span class='ocrx_word' id='word_1_400' title='bbox 1186 4135 1229 4190; x_wconf 88' lang='lat' dir='ltr'><strong>se,</strong></span> 
     </span>
     <span class='ocr_line' id='line_1_47' title="bbox 128 4201 1229 4281; baseline -0.005 -16"><span class='ocrx_word' id='word_1_401' title='bbox 128 4206 180 4265; x_wconf 86' lang='lat' dir='ltr'><strong>sed</strong></span> <span class='ocrx_word' id='word_1_402' title='bbox 204 4220 261 4262; x_wconf 87' lang='lat' dir='ltr'><strong>nou</strong></span> <span class='ocrx_word' id='word_1_403' title='bbox 278 4201 415 4261; x_wconf 87' lang='lat' dir='ltr'><strong>dillerunt</strong></span> <span class='ocrx_word' id='word_1_404' title='bbox 436 4201 616 4274; x_wconf 87' lang='lat' dir='ltr'><strong>abessentia,</strong></span> <span class='ocrx_word' id='word_1_405' title='bbox 637 4217 713 4280; x_wconf 91' lang='lat' dir='ltr'><strong>quae</strong></span> <span class='ocrx_word' id='word_1_406' title='bbox 734 4202 824 4264; x_wconf 88' lang='lat' dir='ltr'><strong>trihus</strong></span> <span class='ocrx_word' id='word_1_407' title='bbox 843 4219 908 4262; x_wconf 89' lang='lat' dir='ltr'><strong>una.</strong></span> <span class='ocrx_word' id='word_1_408' title='bbox 950 4201 1024 4263; x_wconf 90' lang='lat' dir='ltr'><strong>Sunt</strong></span> <span class='ocrx_word' id='word_1_409' title='bbox 1039 4222 1108 4281; x_wconf 83' lang='lat' dir='ltr'><strong>ergo</strong></span> <span class='ocrx_word' id='word_1_410' title='bbox 1130 4203 1229 4274; x_wconf 90' lang='lat' dir='ltr'><strong>iidem,</strong></span> 
     </span>
    </p>
   </div>
   <div class='ocr_carea' id='block_1_5' title="bbox 134 4315 428 4336">
    <p class='ocr_par' dir='ltr' id='par_1_9' title="bbox 134 4315 428 4336">
     <span class='ocr_line' id='line_1_48' title="bbox 134 4315 428 4336; baseline -0.014 0"><span class='ocrx_word' id='word_1_411' title='bbox 134 4315 428 4336; x_wconf 48' lang='lat' dir='ltr'><strong>...u-uum</strong></span> 
     </span>
    </p>
   </div>
   <div class='ocr_carea' id='block_1_6' title="bbox 168 4375 681 4439">
    <p class='ocr_par' dir='ltr' id='par_1_10' title="bbox 168 4375 681 4439">
     <span class='ocr_line' id='line_1_49' title="bbox 168 4375 681 4439; baseline -0.016 -7"><span class='ocrx_word' id='word_1_412' title='bbox 168 4380 192 4439; x_wconf 82' lang='lat' dir='ltr'><strong>li</strong></span> <span class='ocrx_word' id='word_1_413' title='bbox 212 4379 300 4428; x_wconf 78' lang='lat' dir='ltr'><strong>Potou-</strong></span> <span class='ocrx_word' id='word_1_414' title='bbox 319 4375 409 4426; x_wconf 85' lang='lat' dir='ltr'><strong>Trinit.</strong></span> <span class='ocrx_word' id='word_1_415' title='bbox 430 4375 472 4428; x_wconf 86' lang='lat' dir='ltr'><strong>lib.</strong></span> <span class='ocrx_word' id='word_1_416' title='bbox 498 4376 681 4428; x_wconf 85' lang='lat' dir='ltr'><strong>vtlt.e.v11.</strong></span> 
     </span>
    </p>
   </div>
   <div class='ocr_carea' id='block_1_7' title="bbox 0 0 1471 4936">
    <p class='ocr_par' dir='ltr' id='par_1_11' title="bbox 0 0 1471 4936">
     <span class='ocr_line' id='line_1_50' title="bbox 0 0 1471 4936; baseline 0 0"><span class='ocrx_word' id='word_1_417' title='bbox 0 0 1471 4936; x_wconf 95' lang='lat' dir='ltr'><strong> </strong></span> 
     </span>
    </p>
   </div>
  </div>
 </body>
</html>
