2910 4936
753 249 798 316 :lt

311 446 358 510 tv.
403 445 468 506 Non
482 463 548 506 raro
557 445 681 522 Spiritus
693 463 769 504 auro
781 443 877 506 nitatis
888 447 1134 522 etspirrmentum
1152 461 1332 521 corporeum

231 531 368 612 (πνεῖ-μα
390 533 452 588 τοῦ
470 527 553 606 βίου)
577 529 750 599 nominatur,
771 531 801 588 et
822 528 959 604 quoniam
982 528 1172 604 respiratione
1194 530 1252 588 rita
1273 529 1333 587 du-

226 619 317 684 citur,
339 618 369 672 et
390 616 479 672 eitum
499 609 685 689 significat¹).
713 609 839 687 Spiritus
861 615 977 670 sanctus
998 628 1068 672 rere
1089 611 1171 688 quasi
1188 614 1265 672 vitae
1284 612 1333 670 di-

229 701 310 758 rinae
332 699 376 756 est
397 694 642 772 complementum
664 699 692 754 et
712 693 736 752 si
759 695 821 771 ipse
849 710 901 769 per
931 691 1111 770 impossibile
1132 694 1161 754 in
1184 694 1247 756 Deo
1269 712 1330 754 non

227 785 320 851 esset,
343 783 400 838 vita
411 778 513 838 Divina
523 783 599 838 esset
611 776 699 837 nulla.
741 777 787 838 Ex
809 773 938 838 terrente
959 777 1037 836 enim
1059 794 1159 837 amore
1181 777 1331 854 prodiens,

227 881 326 924 amore
348 866 437 922 totam
458 861 626 920 Trinitatem
647 859 868 936 complectitur,
896 859 1143 937 quemadmodum
1166 862 1331 938 respiratio,

228 948 345 1006 interior
368 944 552 1012 vitrearum
582 948 613 1004 et
635 963 670 1005 ex
699 943 796 1004 calere
825 943 954 1020 procedit
975 947 1005 1004 et
1033 941 1161 1004 calorem
1191 942 1331 1022 gignit²).

227 1031 279 1090 Est
306 1033 403 1088 summ
434 1044 517 1086 amor
547 1029 621 1086 vitae
650 1028 820 1103 principium
843 1031 872 1086 et
893 1043 1028 1086 summus
1048 1026 1171 1102 gradus,
1204 1029 1332 1096 initium,

227 1114 316 1172 decus
337 1115 367 1170 et
385 1109 531 1186 perier-tio.
573 1111 645 1170 Etsi
659 1128 783 1170 umorem
799 1113 828 1170 et
843 1109 977 1186 spiritum
995 1108 1124 1186 ejusdem
1143 1111 1219 1170 ritae
1233 1115 1333 1186 partes

227 1195 351 1256 dixeris:
374 1211 457 1252 amor
479 1193 649 1270 principium
673 1195 763 1260 ritae,
792 1192 916 1270 Spiritus
939 1193 1055 1252 vitalem
1078 1193 1253 1263 motionem,
1276 1197 1332 1253 im·

229 1277 391 1355 pulsionem
412 1281 441 1336 et
463 1275 721 1336 manifestationem
730 1272 764 1356 ³),
786 1276 907 1336 interius
929 1293 1026 1346 amor,
1048 1275 1172 1351 Spiritus
1192 1280 1332 1347 exterius,

228 1361 358 1439 quietum
381 1358 445 1428 ille,
465 1358 512 1420 hic
531 1360 637 1420 mobile
658 1363 686 1417 et
708 1363 820 1418 motum
841 1359 977 1420 denotare
998 1359 1121 1420 ridetur.
1163 1359 1222 1435 Qui
1243 1361 1333 1437 igitur

230 1461 282 1520 per
309 1461 438 1504 amorem
459 1461 495 1501 ex
517 1443 605 1502 eorde
632 1442 747 1500 divinae
769 1443 910 1502 essentiae
941 1443 1099 1518 prooessit,
1134 1459 1171 1502 ex
1197 1459 1333 1504 commn-

230 1529 321 1587 nicata
350 1528 405 1586 rita
427 1523 520 1585 Patris
541 1529 570 1586 et
589 1524 653 1585 Filii
676 1525 762 1584 sitam
784 1525 911 1602 accepit,
944 1529 973 1585 et
994 1526 1052 1587 vita
1072 1526 1135 1601 ipsa
1161 1531 1219 1598 est,
1251 1530 1332 1586 recte

229 1612 291 1670 sine
319 1609 377 1669 ulla
406 1609 582 1668 dubitatione
611 1609 731 1684 spiritus
760 1612 789 1668 et
821 1611 876 1668 rita
908 1613 1037 1668 vocatur.
1086 1607 1260 1685 Propterea,
1299 1615 1334 1667 ut

231 1693 420 1769 respiratione
432 1693 508 1751 vitae
525 1694 685 1766 praesentia
701 1691 876 1766 dignoscitur
900 1686 1042 1771 (cessante
1053 1693 1129 1750 enim
1142 1693 1332 1769 respiratione

230 1781 325 1836 cessat
345 1773 426 1855 rita),
447 1778 485 1834 ita
507 1775 592 1834 etiam
605 1772 694 1834 Patris
716 1780 745 1834 et
766 1774 830 1834 Filii
852 1776 909 1834 rita
931 1779 960 1834 et
981 1775 1140 1850 praesentia
1162 1776 1245 1836 nobis
1270 1794 1333 1834 ma-

232 1859 400 1920 nifestantur
420 1858 528 1935 Spiritu
556 1862 673 1931 sancto,
706 1859 736 1918 in
758 1875 819 1935 quo
850 1860 1065 1935 cognoscimus,
1095 1859 1173 1934 quod
1196 1858 1281 1918 Pater
1302 1859 1332 1916 in

232 1942 313 2004 nobis
336 1945 442 2002 manet.

313 2025 432 2094 Verum,
454 2022 590 2100 quoniam
601 2022 688 2084 etism
702 2023 783 2084 nodis
799 2024 861 2086 cito
875 2028 929 2097 est,
951 2023 1119 2101 praesertim
1132 2025 1207 2084 vitae
1223 2041 1331 2084 nomen

231 2109 364 2184 accipere
396 2107 528 2177 ridetur,
553 2102 649 2182 'quum
680 2107 775 2168 divina
807 2109 923 2168 nomina
946 2125 1003 2168 non
1031 2107 1128 2167 solum
1150 2108 1186 2168 ab
1207 2110 1334 2168 aeternis

231 2188 427 2261 relationibus,
451 2189 502 2249 sed
520 2191 606 2248 etiarn
625 2189 660 2249 ab
675 2190 822 2250 ellectibus
838 2191 1019 2266 intempore
1031 2191 1230 2252 desumantur.
1265 2191 1333 2268 lpse

231 2275 308 2332 enirn
331 2275 358 2332 in
380 2271 515 2332 cordibus
538 2272 736 2334 vehementius
757 2274 890 2350 spirans,
916 2273 1045 2334 validum
1068 2274 1163 2351 ignem
1185 2272 1334 2334 charitatis

231 2357 360 2416 accendit
370 2351 403 2438 ⁴),
426 2373 484 2432 quo
507 2356 712 2418 incalescentes
724 2375 776 2416 nos
788 2359 842 2432 ipsi
854 2359 941 2416 vitam
959 2357 1135 2432 accipimus,
1158 2375 1246 2434 quam
1258 2375 1334 2416 urin·

234 2458 320 2516 quarn
344 2441 454 2498 nutrire
475 2440 595 2512 desinit;
618 2443 647 2498 et
668 2440 697 2498 in
719 2440 775 2500 hoc
795 2441 945 2517 aptissime
967 2438 1008 2498 iili
1021 2457 1126 2499 nomen
1140 2441 1334 2517 πνεύματος

232 2524 374 2592 contenit,
384 2523 462 2600 quod
475 2522 633 2582 nonsolum
646 2524 743 2594 vitam,
752 2523 803 2583 sed
813 2523 899 2583 etiam
910 2522 1195 2584 situenuirtmentum
1205 2524 1334 2599 aliqnan-

235 2607 272 2666 do
281 2606 418 2682 designat,
436 2624 526 2681 quum
545 2608 695 2680 respiratio
703 2607 818 2666 diverso
833 2621 919 2666 sensu
932 2607 969 2666 ita
981 2607 1122 2666 nominari
1131 2608 1231 2683 possit.
1253 2606 1336 2666 Sicut

233 2691 318 2754 lasus
334 2689 362 2748 in
383 2689 412 2749 S.
427 2688 606 2748 Eucharistia
622 2690 711 2748 animi
727 2689 808 2750 cibus
827 2693 879 2760 est,
899 2691 967 2766 quia
981 2690 1080 2762 sitam,
1097 2707 1171 2766 quae
1193 2690 1258 2764 ipse
1279 2694 1335 2761 est,

235 2771 382 2832 nobiscum
398 2773 609 2844 communicat;
631 2775 691 2850 pari
709 2773 796 2833 modo
813 2772 939 2850 Spiritus
954 2777 1069 2832 sanctus
1090 2774 1147 2832 rita
1169 2775 1214 2832 est
1235 2777 1264 2832 et
1280 2791 1336 2832 ιιιι·

235 2859 283 2915 trit
300 2859 396 2914 vitam.
440 2855 573 2916 Mortuus
586 2857 804 2932 unnsquisque,
827 2873 913 2934 quem
929 2855 1053 2934 Spiritus
1075 2860 1192 2916 sanctus
1208 2855 1337 2914 derelin-

235 2941 306 3016 quit.
351 2939 424 2998 Nam
447 2938 621 3014 stipendium
644 2940 752 3016 peccati
774 2957 862 3018 mors,
885 2941 914 2998 et
934 2941 983 3017 qui
1007 2944 1117 3015 peccat,
1139 2939 1337 3016 corruptionis

235 3041 336 3082 servus
358 3020 472 3082 lIPetr.
486 3023 527 3092 ll,
552 3018 635 3101 19⁵).
657 3019 784 3094 Ἰσότης
807 3024 883 3082 euim
912 3017 1007 3080 ἐστὶν
1032 3021 1048 3090 ἡ
1072 3021 1150 3094 ζωὴ,
1174 3021 1335 3093 ἀνισότης

237 3102 272 3162 δὲ
291 3105 307 3175 ἡ
329 3101 453 3184 φθοραὶ·
475 3104 530 3162 καὶ
552 3101 699 3181 ἁρμοσὶα
722 3103 780 3183 μὲν
802 3105 818 3174 ἡ
838 3103 1033 3174 δικαιοσύνη
1050 3102 1107 3162 καὶ
1126 3104 1141 3174 ἡ
1162 3105 1336 3184 φρόνησις,

237 3185 427 3268 &suppodia
455 3185 490 3246 δὲ
519 3187 535 3258 ἡ
561 3185 725 3265 ὰῤῥοσύνη
758 3185 813 3244 καὶ
844 3188 860 3256 ἡ
890 3184 1006 3244 ἀδικία
1030 3185 1065 3270 ⁶).
1109 3187 1191 3248 Mors
1220 3189 1336 3247 animae

238 3270 389 3346 impietas,
417 3289 497 3334 mors
517 3271 647 3347 corporis
676 3269 906 3347 corruptibilitas.
948 3270 1028 3330 Sicut
1049 3270 1145 3330 anima
1167 3269 1229 3330 lleo
1251 3269 1337 3330 dese·

238 3358 333 3422 rente,
356 3354 622 3431 siccorpusanima
643 3353 794 3414 deserente
815 3353 948 3427 moritur,
972 3353 1049 3414 unde
1069 3353 1116 3414 illa
1139 3350 1170 3413 srt
1186 3354 1336 3429 insipiens,

238 3434 292 3494 lroc
314 3437 445 3496 exanime
455 3435 490 3518 ⁷).
534 3434 587 3498 Ubi
609 3436 687 3496 enim
710 3437 833 3513 Spiritus
855 3435 907 3498 Dei
938 3437 1061 3509 recedit,
1092 3438 1189 3497 omnia
1219 3441 1336 3514 pertur-

238 3519 356 3592 bantur,
379 3519 573 3594 dispiciuntur,
595 3519 799 3594 destruuntur,
822 3522 854 3580 ut
871 3518 940 3580 nibil
963 3521 1017 3580 nisi
1033 3519 1091 3579 rita
1102 3519 1244 3600 supersit·
1259 3537 1336 3598 quae
1443 3529 1444 3548 ¹

274 3679 298 3738 t)
319 3679 412 3730 Grues.
432 3677 477 3731 vl,
497 3678 539 3726 17.
557 3676 633 3728 lliob.
653 3677 711 3729 vlt.
730 3675 772 3726 lb.
793 3678 833 3727 lll
849 3678 911 3739 neg.
928 3677 1012 3734 xlii.
1033 3677 1074 3726 17.

272 3760 301 3830 2)
318 3765 343 3815 S.
355 3766 505 3814 Bonooent.
523 3763 550 3836 in
569 3765 590 3814 l.
610 3763 723 3814 Sentent.
743 3763 772 3812 b.
794 3763 826 3812 X.
846 3763 879 3813 Α.
898 3765 932 3814 ll.
951 3764 984 3827 Q.
1003 3763 1052 3813 lll.

273 3851 303 3908 3)
322 3851 355 3900 D.
375 3852 465 3902 Ibam.
483 3851 579 3902 Summ.
598 3849 630 3914 Q.
650 3851 734 3902 lel.
755 3863 777 3900 a.
798 3847 823 3903 t.

274 3937 302 3999 t)
322 3939 454 3990 Bernard.
473 3937 555 3988 Serm.
574 3937 623 3987 lll.
641 3937 667 3986 in
687 3937 790 3989 Pontes.
814 3952 837 3987 n.
857 3938 882 3988 8.

275 4022 301 4086 ὅ)
319 4023 412 4074 Omnia
431 4026 482 4075 tere
501 4024 556 4074 loca
579 4023 604 4073 S.
624 4025 786 4086 Scripturas,
814 4023 908 4084 quibus
927 4036 996 4073 mors
1015 4024 1155 4086 peccatoris
1173 4021 1336 4080 describitur,

241 4110 342 4172 collegit
357 4110 472 4172 Fulgent.
489 4111 520 4160 ad
538 4110 648 4163 illenim.
665 4110 708 4159 lib.
724 4109 744 4158 1.
762 4122 783 4160 c.
801 4110 911 4160 xxvii.
932 4125 955 4173 p.
973 4109 1016 4162 ⁴38.

275 4196 304 4260 ti)
322 4196 474 4258 Aequalitas
491 4204 529 4248 est
542 4198 606 4250 vita.
626 4196 794 4259 inaequalitas
814 4209 873 4248 vero
886 4197 1018 4259 interitus;
1037 4205 1061 4246 et
1078 4209 1183 4246 concors
1195 4195 1294 4255 lustitia
1311 4205 1337 4246 et

241 4284 319 4340 ratio.
338 4282 437 4352 discors
457 4283 602 4345 insipientia
614 4290 638 4333 et
658 4283 789 4344 injustitia.
818 4282 1053 4338 Mattodtasconv.
1072 4283 1103 4334 X.
1124 4283 1193 4344 virg.
1207 4282 1254 4332 ΙΙΙ.
1270 4297 1295 4332 n.
1311 4285 1336 4332 7.

276 4371 303 4430 7)
322 4370 346 4420 S.
363 4371 470 4432 Arrpust.
488 4368 577 4418 Triuit.
593 4370 637 4426 tv,
658 4373 682 4418 3.
