2910 4936
762 303 811 375 20

236 500 311 562 ritus
329 497 451 562 Senems
471 505 530 578 est,
551 505 706 578 aeternus,
728 503 905 580 immensus,
926 499 1002 566 Petri
1022 503 1053 563 et
1070 499 1146 562 Filio
1165 498 1343 580 coaequalis,

236 583 341 646 alico
367 586 520 664 prodiens,
552 588 581 648 in
608 587 669 649 lleo
693 605 830 663 maneam
858 605 970 666 aquo,
999 586 1074 647 sicut
1100 583 1199 647 radius
1224 602 1241 646 a
1269 584 1344 656 sole,

236 669 331 729 omnis
351 685 434 730 amor
455 669 617 730 dimannt.“
651 669 731 732 Haec
761 671 812 734 ille
842 673 959 732 saucius
983 670 1092 732 amoris
1118 669 1259 742 vnlnere,
1294 670 1343 728 in·

235 751 370 830 grediens
388 755 548 814 torrentem
569 755 695 828 amoris,
717 771 806 833 quem
827 754 959 833 trajicere
980 753 1085 815 merito
1107 751 1287 830 desperabat

319 849 413 912 Amor
437 855 554 922 autem,
592 855 617 914 si
650 854 838 916 essentialiter
868 855 972 916 dieitur
1004 851 1053 936 (de
1081 850 1132 914 illo
1159 849 1190 911 P.
1212 853 1288 926 1.,§.
1309 849 1342 911 2.

235 929 326 995 loculi
344 931 479 1017 sumus),
511 935 603 999 tribus
629 941 760 1014 personis
781 939 965 1012 communis3
995 939 1020 997 sl
1038 936 1247 1013 personaliter,
1276 935 1344 1013 Spi-

235 1019 305 1082 ritui
337 1016 444 1080 Sancto
475 1021 632 1098 proprius,
674 1023 700 1082 si
729 1022 934 1096 ncdcnallter,
972 1020 1115 1082 rationem
1147 1020 1344 1098 processionis

237 1116 381 1180 personae
401 1101 539 1180 significat
560 1103 597 1182 ¹).

318 1200 521 1264 Essentinliter
546 1203 641 1265 dictus
672 1203 814 1282 significet
840 1223 924 1266 arnor
953 1204 1206 1283 complacentiam,
1245 1203 1345 1264 notio-

236 1281 552 1452 nalitepdccn3ordinm
580 1289 610 1348 in
638 1288 795 1367 spirando,
825 1289 1021 1369 personaliter
1043 1302 1209 1368 praeessem
1234 1286 1265 1346 in
1291 1283 1345 1346 illa

236 1383 326 1429 conco
362 1385 391 1428 ra
441 1410 447 1426 .

320 1451 410 1513 Recte
437 1456 536 1514 autem
564 1470 648 1514 arnor
675 1453 840 1532 appellatur
868 1472 1010 1534 persona,
1041 1470 1117 1532 quse
1145 1449 1276 1529 procedit
1303 1469 1345 1512 ccc

236 1549 348 1608 amore,
366 1552 420 1614 per
440 1553 587 1612 amorem,
607 1546 643 1598 at
660 1555 759 1613 amor,
781 1539 822 1601 ad
841 1555 983 1601 amorem.
1018 1537 1096 1599 Fons
1116 1537 1196 1598 enim
1216 1535 1345 1611 Spiritus

235 1615 332 1678 Sancti
353 1625 488 1680 aeternus
509 1638 609 1694 amor,
639 1621 743 1682 modus
765 1623 939 1700 procedendi
961 1639 1060 1695 amor,
1088 1620 1249 1700 proprietas
1271 1635 1345 1695 per-
1433 1627 1434 1668 l

236 1700 346 1763 sonalis
366 1719 467 1778 amor,
489 1704 608 1766 effectus
629 1706 659 1765 in
679 1707 819 1767 creaturis
840 1724 932 1766 amor·
1433 1707 1434 1712 ’

319 1801 343 1863 1.
385 1802 465 1864 Sicut
482 1807 561 1866 enim
583 1823 618 1865 ex
638 1804 713 1878 hoc,
735 1807 813 1884 quod
832 1807 936 1886 aliquis
953 1823 1015 1866 rem
1035 1803 1186 1882 intelligit,
1207 1802 1345 1880 provenit

236 1885 397 1970 quaedam*
411 1887 615 1950 intellectualis
636 1890 787 1966 conceptio
818 1891 859 1950 rei
893 1887 1056 1949 intellectae
1091 1888 1121 1946 in
1154 1885 1343 1962 intelligente,

235 1986 310 2048 quae
330 1968 436 2029 dicitur
456 1972 596 2044 verbum3
626 1975 664 2032 ila
682 1991 717 2032 er
735 1973 808 2046 hoc,
836 1973 913 2050 quod
935 1973 1040 2049 aliquis
1061 1989 1123 2031 rem
1146 1974 1241 2041 amat,
1272 1985 1345 2044 pro-

235 2053 316 2111 venit
337 2052 480 2129 quaedam
501 2055 675 2131 impressio,
705 2061 739 2116 ut
767 2057 807 2116 ita
835 2056 954 2136 loquar,
985 2058 1028 2116 rei
1049 2058 1162 2115 amane
1186 2054 1214 2112 in
1235 2049 1345 2111 ellectu

235 2137 375 2206 amantis,
401 2137 561 2197 secundum
583 2156 672 2215 quam
694 2143 822 2199 amatum
844 2139 948 2199 dicitur
968 2157 1035 2199 esse
1053 2138 1083 2198 in
1107 2138 1238 2207 amante,
1266 2137 1345 2194 sicut

235 2221 265 2278 et
284 2215 464 2279 intellectum
486 2221 515 2280 in
537 2220 733 2300 intelligente:
761 2223 797 2282 ita
819 2239 886 2283 cum
909 2221 1015 2300 aliquis
1036 2239 1068 2283 se
1089 2221 1188 2297 ipsum
1209 2217 1347 2294 intelligit

235 2303 265 2362 et
290 2304 385 2375 amat,
415 2308 460 2362 est
486 2303 515 2364 in
544 2323 575 2366 se
604 2306 684 2381 ipso,
715 2323 773 2365 non
794 2301 890 2366 solnm
916 2322 970 2382 per
997 2306 1175 2365 identitatem
1195 2301 1346 2376 ‘rei3‘sed

236 2384 324 2446 etiarn
346 2389 379 2446 ut
400 2385 580 2448 intellectum
602 2391 633 2448 in
655 2388 832 2467 intelligente
854 2394 883 2450 et
905 2393 1032 2449 amatum
1056 2389 1085 2447 in
1107 2390 1221 2447 amante
1244 2381 1280 2466 ²).

267 2541 271 2544 .
313 2483 445 2582 pecasse
466 2493 511 2569 est
532 2493 648 2572 autem,
677 2488 805 2569 aliquam
827 2487 1031 2568 personantia
1056 2487 1160 2550 divinis
1185 2485 1347 2564 procedere

236 2587 290 2650 per
317 2571 439 2632 modum
467 2573 592 2646 amoris,
625 2573 693 2652 quia
719 2577 744 2634 si
773 2578 897 2652 ponatur
924 2575 954 2632 in
982 2572 1088 2633 divinis
1117 2569 1261 2630 emanatio
1290 2585 1345 2645 per

236 2654 364 2715 modum
386 2653 560 2732 uoluntatis,
592 2670 712 2719 necesse
741 2661 804 2729 est,
835 2660 869 2716 ut
896 2659 972 2717 inter
994 2673 1100 2717 omncs
1129 2655 1167 2716 eit
1194 2653 1296 2730 prima·
1313 2655 1346 2713 et

230 2737 434 2800 nobilissima:
466 2739 609 2800 emanatio
630 2743 727 2800 autem
749 2759 802 2818 per
823 2741 944 2802 modum
971 2742 1078 2801 amoris
1099 2743 1145 2798 est
1165 2736 1344 2816 hujusmodi,

236 2822 315 2902 quod
337 2825 435 2900 patet,
456 2823 481 2882 si
501 2824 537 2883 ad
559 2825 688 2885 animum
710 2822 871 2884 humanum
892 2824 1075 2903 respicimus.
1114 2820 1240 2882 'Affectio
1262 2822 1345 2881 enim

236 2905 345 2969 amoris
365 2910 410 2987 est
433 2907 526 2985 prima
548 2909 623 2966 inter
645 2924 746 2968 omnes
768 2907 934 2968 affectiones
960 2910 989 2969 et
1017 2905 1099 2966 radix
1121 2907 1250 2966 omnium
1272 2905 1346 2965 alia-

235 2987 347 3071 rum⁴),
369 3007 461 3069 eaque
482 2995 527 3051 est
547 2991 656 3051 amoris
678 2991 818 3069 dignitas,
846 2994 878 3050 nt
899 2991 978 3052 nulla
998 3007 1057 3050 vox
1077 3005 1160 3064 eam,
1187 3007 1224 3049 ne
1247 2989 1346 3048 dicam

235 3073 396 3152 explicare,
427 3074 478 3138 sed
500 3091 553 3134 nec
575 3073 678 3134 leviter
699 3073 872 3156 adumbrare
898 3075 1001 3136 valeat.
1044 3073 1075 3134 Si
1103 3089 1171 3152 ergo
1196 3075 1345 3134 emanatio

236 3162 279 3216 est
299 3175 353 3235 per
373 3157 495 3220 modum
517 3156 694 3219 litteralitatis
716 3161 745 3218 in
767 3157 888 3232 divinis,
911 3159 1029 3220 necesse
1048 3159 1111 3233 est,
1129 3175 1195 3218 esse
1215 3156 1344 3235 primam

236 3242 267 3310 et
286 3257 450 3314 summam,
480 3259 566 3320 ergo,
597 3257 651 3320 per
670 3243 791 3302 modum
813 3242 930 3302 amoris.
967 3293 969 3300 ,

319 3341 374 3402 nst
402 3339 550 3419 praeterea
581 3360 713 3414 summae
743 3346 773 3402 et
808 3360 1025 3421 usquequaque
1067 3339 1211 3418 perlectae
1253 3338 1344 3400 bene·

236 3425 396 3496 velentiae,
432 3444 550 3488 omnem
580 3425 766 3504 plenitudinis
795 3444 865 3486 sune
893 3427 1096 3492 abundantiam
1125 3429 1154 3487 in
1184 3442 1344 3486 commune

236 3508 384 3570 deducere
402 3506 436 3584 ⁵).
475 3507 530 3572 Ubi
548 3516 646 3572 autem
668 3511 697 3570 in
718 3505 857 3572 alterutra
879 3527 1003 3588 persona
1025 3527 1117 3587 aequa
1138 3507 1345 3576 benevolentia

236 3597 345 3665 exstat,
368 3609 487 3653 necesse
504 3597 566 3668 est,
589 3597 656 3654 voto
671 3593 750 3672 pari,
773 3596 883 3656 ratione
897 3593 1057 3666 consimili,
1080 3594 1225 3670 praecipui
1243 3592 1344 3668 gaudii

235 3681 401 3740 consortem
428 3683 552 3755 utraque
580 3679 716 3755 requirat.
760 3671 834 3737 Nam
857 3677 908 3738 ubi
933 3695 965 3738 se
987 3677 1046 3756 duo
1067 3681 1169 3738 mutuo
1191 3676 1344 3752 diligentes

235 3778 353 3821 summo
375 3759 519 3820 desiderio
543 3760 774 3840 amplectuntur,
808 3766 838 3822 et
864 3779 900 3822 ex
929 3760 1070 3821 alterutro
1097 3778 1195 3822 amore
1224 3775 1344 3818 summe

235 3843 429 3916 delectantur,
450 3861 600 3906 summum
610 3843 748 3924 gaudium
761 3842 840 3906 illius
853 3847 898 3906 est
911 3845 941 3906 in
953 3844 1056 3907 'amore
1068 3844 1161 3908 istius.
1192 3839 1342 3916 Quamdiu

266 4093 302 4161 1)
320 4094 354 4146 D.
374 4091 510 4146 Themin
528 4094 549 4146 1.
568 4094 638 4146 sent.
657 4093 689 4144 lt.
708 4093 742 4146 X.
761 4094 794 4158 Q.
813 4093 837 4145 1.
855 4107 879 4151 a,
900 4095 927 4152 1,

157 4243 159 4247 ,
268 4180 302 4248 2)
319 4181 346 4233 S.
365 4182 516 4233 Bonaeent.
534 4181 562 4233 in
580 4180 602 4232 1.
621 4181 690 4233 Sent
709 4182 740 4233 lt.
759 4179 901 4251 x.t.‚11.
920 4183 953 4248 Q.
972 4182 997 4233 1.

270 4268 303 4335 3)
322 4268 356 4320 D.
376 4268 465 4319 Tlom
484 4269 582 4320 summ.
601 4269 632 4332 Q.
651 4268 792 4321 XXXVII.
811 4281 833 4321 s.
852 4269 878 4320 1.

270 4355 303 4422 d)
321 4355 346 4408 S.
366 4356 517 4406 Bonacent.
536 4355 552 4405 l.
572 4368 594 4406 c.
613 4355 647 4408 A.
667 4355 689 4408 1.
711 4356 743 4421 Q.
762 4355 788 4406 2.
874 4391 876 4396 .

269 4441 302 4511 s)
320 4441 395 4498 llicit.
416 4441 480 4498 Vter.
498 4441 589 4495 Trinit
608 4442 627 4496 l.
645 4442 696 4495 111.
715 4455 738 4496 c.
756 4443 816 4500 XV.
