2910 4936
745 251 797 326 Sd

219 450 309 530 hujus
328 451 494 529 sptmdonis
513 455 597 513 etex
617 446 773 512 dilectione
791 452 840 511 cui
856 449 948 532 ipsim
965 447 1181 512 subsistentiam
1196 448 1335 526 recipere

220 535 336 613 potestt
367 535 470 614 ltaque
491 551 567 615 quae
579 537 742 596 necessario
762 538 936 614 sequuntur,
957 551 1074 596 caussas
1083 531 1241 596 Suareaius
1256 531 1334 592 false

220 620 359 680 nominat.

309 701 419 762 Verum
447 718 501 761 nec
528 718 595 762 cum
622 699 709 764 Scuto
740 700 950 764 consentimus.
990 701 1021 762 Si
1049 700 1126 762 euim
1160 698 1190 760 in
1218 699 1335 760 unitate

220 787 362 846 essentiae
387 801 453 846 sese
474 782 559 846 Pater
581 788 612 846 et
631 783 722 846 Filius
744 785 884 862 diligunt,
914 787 944 845 et
965 783 1039 847 alter
1060 784 1090 844 in
1111 782 1203 845 attero
1229 799 1335 843 essen·

220 869 290 930 tiam
305 867 399 945 diligit
427 862 505 949 (uam
527 885 584 928 una
607 870 636 928 in
659 872 784 946 utroque
806 868 951 943 essentia),
978 873 1009 930 et
1033 873 1168 930 mutuum
1194 883 1334 927 amorem

222 951 305 1011 illum
328 950 479 1010 nominare
497 955 589 1030 potes.
626 950 742 1030 Spirant
760 951 879 1030 quidem
898 949 1039 1029 Spiritum
1057 955 1188 1012 sanctum
1206 969 1265 1011 nou
1283 968 1334 1020 eo,

222 1053 282 1111 quo
303 1033 450 1107 differunt,
471 1032 501 1094 b.
519 1052 545 1094 e.
573 1032 749 1096 Patemitate
769 1033 970 1106 etFiliatione,
991 1035 1042 1096 aed
1062 1053 1122 1114 qun
1138 1051 1235 1094 uuum
1252 1036 1334 1095 sunt.

224 1115 322 1180 Unum
344 1121 390 1176 est
411 1118 487 1178 enim
510 1119 682 1197 principium
703 1119 884 1195 spirationis,
906 1135 965 1179 una
985 1117 1146 1196 eademque
1169 1119 1214 1178 vis
1237 1118 1335 1194 epira-

221 1200 280 1260 tiva
302 1200 332 1258 iu
355 1198 439 1260 Patre
459 1203 489 1262 et
509 1200 601 1274 Filio,
631 1201 732 1262 eadem
755 1201 934 1263 foecunditas
954 1201 1098 1280 spirandi,
1127 1218 1216 1279 quam
1237 1199 1335 1261 Filius

222 1284 298 1346 sieut
326 1287 482 1344 caeterae
511 1282 594 1346 Patre
621 1287 741 1362 accepit.
777 1283 852 1345 Sunt
878 1290 975 1346 autem
1004 1285 1064 1346 duo
1092 1285 1235 1363 spirantes
1264 1283 1336 1344 licet

222 1383 280 1429 unu
301 1368 459 1443 spiratores
485 1365 569 1428 Pater
593 1371 623 1429 et
645 1367 744 1430 Filius.
788 1366 863 1429 Nam
896 1387 952 1430 non
979 1387 1016 1430 ex
1042 1369 1167 1430 essentia
1198 1367 1335 1445 procedit

222 1449 347 1528 Spiritus
378 1456 513 1524 sanctus,
546 1451 598 1512 sed
626 1469 663 1512 ex
690 1449 774 1512 Patre
802 1455 831 1512 et
859 1450 943 1512 Filio.
992 1451 1101 1512 Amant
1128 1453 1214 1528 igitur
1243 1449 1336 1510 ambo

222 1534 394 1606 essentiam,
418 1536 542 1611 quaein
564 1533 707 1596 ambobus
726 1551 783 1596 unu
805 1540 869 1606 est,
891 1539 920 1596 et
942 1539 1039 1596 amam
1058 1533 1209 1595 voluntate
1229 1551 1335 1594 essen·

222 1614 303 1686 tiati,
333 1633 408 1696 quac
434 1619 464 1677 iu
489 1617 631 1680 ambobus
660 1635 718 1678 una
745 1621 798 1678 est.
842 1617 899 1679 Sed
927 1622 1026 1678 amant
1055 1619 1076 1678 d
1083 1636 1151 1678 uo:
1187 1615 1274 1678 Pater
1305 1618 1337 1676 et

222 1696 331 1774 Filius,
361 1703 391 1762 et
412 1705 510 1762 amant
528 1719 617 1763 unam
640 1703 795 1762 essentiam
819 1702 847 1760 in
875 1701 1028 1762 duobus
1050 1701 1227 1779 suppositis,
1258 1700 1337 1760 alter

223 1783 344 1844 eandem
362 1786 391 1844 iu
411 1783 513 1844 altero.
552 1787 653 1863 ltaque
673 1785 840 1846 unicordem
862 1785 897 1858 (st
921 1785 960 1844 ita
981 1786 1060 1864 loqui
1082 1784 1124 1844 fas
1146 1783 1204 1859 est)
1225 1786 1337 1845 rectius

225 1885 314 1944 quam
346 1868 520 1928 concordem
557 1885 689 1929 amorem
722 1867 864 1944 Spiritum
900 1871 1032 1928 sanctum
1054 1869 1217 1929 ⁴noudnare
1253 1867 1337 1928 licet.

223 1947 321 2023 Quam
337 1949 374 2010 ob
391 1967 522 2012 caussam
537 1950 622 2012 Pater
638 1957 668 2012 et
683 1950 774 2012 Filius
790 1949 899 2029 Spiritu
915 1955 1014 2012 sancto
1026 1953 1054 2011 iu
1068 1952 1178 2012 unitate
1189 1951 1338 2010 essentiae

223 2033 398 2110 colliguntur
411 2043 412 2054 ¹
427 2039 456 2094 et
484 2033 539 2094 hac
563 2033 715 2097 dilectione
744 2039 847 2095 mutua
867 2037 955 2095 unius
977 2037 1052 2096 tertii
1073 2035 1174 2094 intima
1194 2035 1338 2095 societate

224 2115 444 2193 conjunguntur.
489 2119 568 2196 Ergo
597 2119 626 2178 in
655 2137 691 2179 eo
715 2119 913 2180 consentimus
934 2117 1037 2190 Scotm
1067 2117 1147 2197 quod
1168 2116 1254 2178 Pater
1276 2135 1338 2179 non

225 2202 254 2262 in
282 2199 357 2260 Filio
384 2201 512 2262 Verbum
543 2206 631 2279 atque
662 2201 753 2262 Filius
782 2201 812 2261 in
839 2201 925 2263 Patre
953 2202 1158 2300 Pateruimtem
1188 2200 1338 2278 diligendo

224 2283 364 2361 Spiritum
381 2289 513 2346 sanctum
530 2289 657 2365 spirant,
680 2287 731 2346 sed
748 2284 865 2346 alterio
881 2283 974 2347 altero
987 2291 1161 2359 essentiam3
1183 2288 1208 2346 si
1223 2290 1338 2358 autem,

224 2373 258 2432 ut
278 2367 455 2429 Richardum
477 2368 597 2442 refutet,
621 2370 707 2430 dicit:
733 2371 762 2429 iu
784 2368 920 2430 humanis
941 2369 1144 2431 tantummodo
1164 2385 1230 2429 esse
1251 2387 1320 2430 amo

226 2471 289 2513 rem
319 2457 455 2513 mutuum
480 2451 700 2530 jucundiorem,
730 2454 798 2530 quia
828 2458 942 2530 praeter
963 2454 1121 2515 bonitatem
1150 2452 1340 2514 essentialem

226 2536 387 2598 redamatio
409 2539 453 2598 est
474 2535 571 2615 aliqua
592 2539 666 2598 ratio
687 2534 902 2614 diligibitltatis,
923 2542 1005 2599 aucta
1026 2541 1124 2597 autem
1146 2535 1340 2614 diligibilitnte

226 2621 313 2682 etiam
336 2621 473 2698 gaudium
495 2625 635 2698 augetur,
667 2619 745 2698 quod
767 2621 797 2679 in
819 2621 923 2682 divinis
947 2623 1015 2700 poni
1043 2639 1099 2683 non
1122 2624 1238 2696 potest:
1283 2637 1340 2682 nos

228 2704 346 2782 quidem
367 2721 497 2768 amorem
516 2703 718 2777 essentialem,
740 2704 765 2768 si
784 2704 843 2768 duo
861 2704 940 2768 illius
962 2704 1115 2782 participes
1136 2707 1223 2776 sunt,
1244 2704 1343 2783 majo-

229 2804 291 2848 rem
314 2786 479 2848 felicitatem
501 2786 603 2848 atierre
625 2791 779 2865 putamus,
810 2805 898 2865 quam
921 2789 946 2848 si
969 2806 1023 2866 per
1046 2786 1226 2866 impossibile
1249 2806 1342 2848 unus.

229 2871 361 2949 Augetur
377 2871 455 2935 enim
472 2889 566 2944 amor,
589 2873 612 2932 si
629 2872 659 2931 in
675 2870 789 2932 duobus
807 2875 866 2944 est,
889 2889 998 2949 perse,
1017 2889 1074 2952 non
1091 2888 1144 2948 per
1160 2871 1342 2933 accidentem

228 2957 371 3016 rationem
392 2955 541 3031 amplioris
562 2953 769 3032 diligibilitatis,
791 2973 879 3033 quam
894 2959 971 3016 recte
993 2958 1023 3018 in
1045 2955 1149 3016 diuinis
1171 2971 1230 3015 non
1252 2955 1343 3016 inve-

230 3039 286 3098 niri
316 3037 449 3099 affirmat.
492 3036 577 3099 Hauc
599 3039 701 3098 tamen
729 3043 859 3100 nostram
889 3039 1111 3116 explicationem
1140 3036 1245 3116 probat
1271 3038 1341 3116 ipse

229 3119 335 3182 Scotus
356 3121 473 3184 Scholio
494 3137 557 3198 seq.
579 3140 608 3182 n.
631 3120 679 3180 11.
703 3138 732 3198 p.
754 3120 825 3182 881.

314 3203 510 3266 Differentiam
536 3222 605 3282 ergo
626 3204 801 3284 palummum
831 3207 1022 3283 processionis
1046 3205 1172 3282 Spiritus
1196 3207 1225 3264 et
1247 3221 1339 3281 gene-

229 3287 348 3349 rationis
359 3287 442 3362 Filii,
468 3286 546 3349 unde
567 3292 697 3349 caeterae
718 3289 896 3351 differentiae
918 3289 1110 3361 deducantur,
1134 3291 1163 3348 iu
1185 3306 1221 3349 eo
1243 3290 1340 3348 statu-

231 3370 340 3432 endum
371 3390 436 3433 esse
465 3370 606 3444 arbitror,
637 3372 716 3451 quod
738 3371 829 3433 Filius
854 3371 890 3432 ab
918 3389 994 3445 uno,
1023 3371 1148 3451 Spiritus
1176 3389 1193 3430 a
1223 3371 1341 3432 duobus

232 3454 300 3516 exit.
343 3451 450 3516 Omnia
472 3456 500 3515 in
521 3453 583 3516 Deo
605 3472 714 3527 uuum,
746 3454 1055 3533 praetendamus,
1084 3455 1213 3531 alioquin
1241 3457 1341 3515 unitas

230 3537 413 3611 Deitollitur,
434 3535 847 3617 nequeTrinitasservatur¹).
870 3538 993 3600 Pulchre
1003 3535 1222 3616 bossuetius²):
1244 3538 1342 3610 „Rieu

232 3622 306 3684 n’est
324 3622 389 3699 plus
407 3619 497 3694 beau,
521 3639 578 3700 que
597 3621 624 3681 la
642 3625 744 3682 nature
763 3622 876 3695 divine,
899 3618 939 3683 ort
959 3621 987 3684 le
1008 3620 1129 3684 nombre
1150 3621 1265 3696 meme,
1287 3623 1342 3702 qui

233 3724 270 3765 ne
295 3706 436 3778 subsiste,
465 3722 522 3783 que
547 3705 618 3766 dans
639 3704 683 3765 les
708 3709 841 3784 rapports
866 3706 995 3767 mutuets
1020 3706 1057 3766 de
1080 3707 1151 3768 trois
1176 3704 1342 3767 Personnes

232 3788 343 3865 egeles,
366 3808 399 3850 se
420 3790 601 3850 nerninem
625 3806 685 3850 une
707 3787 826 3866 parfaite
847 3789 957 3850 unite.“
989 3789 1109 3852 Scotum
1130 3807 1187 3851 non
1213 3807 1340 3867 sequor,

233 3871 393 3946 dicentem,
422 3874 580 3946 consistere
602 3873 764 3951 prinoipem
789 3871 979 3936 differentiam
1003 3873 1033 3934 in
1059 3891 1112 3947 eo,
1141 3873 1219 3951 quod
1247 3870 1340 3934 Filius

270 4039 302 4105 1)
319 4039 471 4092 clarissime
485 4041 533 4094 hoe
548 4041 615 4092 inter
634 4054 724 4093 omnes
740 4041 839 4104 patmus
855 4040 1048 4094 caesaraltlat.
1067 4042 1089 4094 1.
1108 4041 1201 4094 Interr.
1221 4040 1245 4093 8.
1265 4053 1342 4106 prac-

234 4125 358 4180 euntibus
377 4127 453 4191 urea.
472 4129 535 4182 Nae.
553 4133 579 4179 et
597 4126 679 4180 Basti.

269 4212 301 4279 Ἃ)
320 4213 428 4266 Sermon
446 4227 492 4267 sur
510 4211 600 4266 l'unitb
617 4213 649 4267 de
666 4214 792 4278 l'ugltse:
819 4202 890 4269 Nihil
908 4215 1041 4280 pulchrius
1064 4214 1151 4270 divina
1168 4221 1261 4268 natura
1285 4222 1338 4273 cst,

235 4313 315 4366 quum
331 4313 456 4353 numerus
470 4300 542 4363 ipsc,
560 4301 606 4364 oui
618 4300 721 4352 nonnisi
734 4301 762 4352 tn
776 4300 944 4354 relationibus
955 4303 1055 4356 mutuis
1068 4315 1236 4370 personarum
1245 4315 1341 4368 aeque-

235 4385 451 4448 trummacum,
472 4387 501 4440 in
519 4387 657 4453 perfectam
677 4388 802 4440 unitatem
819 4387 979 4442 terminatur.
