2910 4936
779 255 823 320 stt

333 451 369 522 Ut
398 451 486 530 hujus
516 453 642 515 nominis
676 454 735 513 vim
757 455 971 532 investigemus,
993 452 1120 533 primum
1149 455 1177 513 in
1200 456 1346 518 notionem

250 539 344 614 ipsam
368 538 556 612 inquiremus,
580 542 640 595 tum
663 536 781 596 modum
800 537 977 614 praesentiae
999 535 1043 596 uel
1066 537 1194 607 rationis,
1216 555 1273 613 qua
1295 557 1346 597 no·

247 619 291 680 bis
314 620 438 697 Spiritus
459 619 579 679 Saucius
602 619 709 678 donum
731 624 785 693 est,
807 625 947 697 quantum
971 620 1114 680 humanae
1135 618 1291 682 infirmitati
1315 622 1347 681 li·

246 708 301 775 cet,
323 701 560 778 explanabimus3
595 701 720 778 denique
742 721 816 779 quae
838 703 893 763 hoo
914 703 1023 763 donum
1048 705 1243 779 praecedunt,
1273 723 1347 783 quae

169 839 170 842 ,
249 787 321 848 illud
345 790 514 862 sequuntur,
536 785 744 845 enarrabimus.

331 871 354 930 l.
376 867 583 942 Proprietatem
615 868 738 946 Spiritus
770 868 864 930 Sancti
894 867 923 928 S.
953 867 1131 946 Augustinus
1163 871 1190 928 in
1223 888 1259 930 co
1280 887 1347 929 oon·

248 956 350 1013 sistere
370 949 534 1020 confirmat,
565 954 598 1009 ut
627 971 685 1012 uon
718 953 864 1028 quomodo
894 956 991 1020 natus,
1024 953 1074 1012 sed
1096 952 1243 1030 quomodo
1266 953 1347 1014 datus

245 1037 356 1103 exierit,
378 1033 507 1092 Trinilai.
533 1034 568 1106 V,
592 1030 641 1093 lt.
665 1030 734 1115 (quo
756 1035 873 1112 quidem
896 1033 960 1095 ioco
980 1035 1115 1096 Petavlus
1150 1035 1186 1096 de
1215 1035 1346 1097 Trinitat.

248 1119 297 1180 lib.
317 1115 381 1177 VII.
402 1135 426 1176 c.
451 1115 499 1175 13.
522 1137 549 1176 n.
573 1117 621 1176 19.
643 1136 686 1194 sq.
710 1115 1013 1178 donum=douabile
1034 1119 1188 1191 existimat,
1210 1121 1290 1196 quod
1313 1139 1344 1178 ex

251 1200 328 1271 Vlll,
356 1199 385 1260 3.
407 1197 456 1272 IV,
474 1198 524 1260 20.
548 1205 578 1260 et
600 1202 633 1273 V,
658 1197 707 1260 15.
729 1201 865 1278 colligit),
897 1208 926 1260 et
947 1201 1014 1261 doni
1037 1220 1143 1262 nomen
1164 1219 1230 1261 oum
1253 1211 1346 1262 caete-

246 1285 287 1344 ris
318 1284 348 1344 S.
370 1283 573 1344 Bonaventura
586 1281 609 1366 ¹)
637 1284 675 1343 ita
697 1288 864 1361 componit:
897 1283 970 1344 Cum
993 1287 1143 1362 proprium
1165 1285 1202 1345 sit
1224 1284 1349 1362 Spiritus

245 1369 335 1427 sancti
358 1383 422 1427 esse
444 1367 562 1438 donum,
585 1384 650 1426 esse
673 1385 779 1426 nexum
812 1384 865 1427 seu
886 1367 1054 1428 charitatem
1077 1368 1249 1439 amborum,
1285 1387 1347 1428 esse

245 1452 331 1510 etiarn
351 1453 631 1526 spiritumsanctum
654 1451 761 1509 donum
778 1452 949 1520 nominatur,
973 1455 1005 1510 ut
1025 1452 1348 1524 datumooluutoriunr3

185 1567 189 1576 ν
245 1532 369 1594 charitas
390 1535 451 1592 sive
474 1551 565 1592 nexus
586 1538 622 1592 ut
639 1533 738 1592 datum
762 1533 954 1592 uoluntarium
977 1537 1006 1594 et
1025 1538 1230 1614 praecipuum
1261 1535 1348 1609 Spiri-

248 1619 321 1677 ritus
344 1622 459 1676 sanctus
482 1620 514 1675 ut
535 1616 632 1675 datum
647 1616 840 1676 voluntarium
861 1617 1045 1694 praecipuum
1057 1623 1087 1677 et
1097 1618 1305 1698 hypostaticam
1314 1616 1345 1696 ²).
1367 1611 1373 1634 '
1430 1677 1431 1694 ,

301 1758 302 1761 ,
330 1699 473 1774 Quamvis
494 1700 580 1776 igitur
612 1699 695 1759 nobis
718 1701 841 1775 Spiritus
864 1704 978 1760 sanctus
1011 1703 1170 1760 secundum
1193 1711 1347 1778 respectum

245 1784 371 1862 aliquem
391 1786 431 1844 nd
448 1793 598 1843 creaturos
614 1782 722 1842 donum
746 1783 887 1843 nominari
909 1783 1059 1852 videatur,
1093 1789 1190 1844 tamen
1213 1785 1349 1862 importat

244 1868 300 1928 hoc
323 1884 429 1926 nomen
449 1868 647 1926 auctoritatem
670 1866 813 1944 quandam
834 1867 973 1943 principii,
997 1870 1026 1926 et
1047 1869 1083 1926 ita
1106 1887 1162 1928 non
1185 1870 1248 1928 sine
1272 1870 1348 1927 omui

246 1952 381 2027 respectu
403 1950 439 2008 ad
461 1955 593 2009 aeternas
615 1954 701 2026 atque
723 1950 848 2008 internas
869 1950 1021 2008 relationes
1044 1951 1155 2010 dicitur.
1199 1951 1274 2010 Nam
1303 1951 1348 2010 illa
1430 2005 1431 2010 ,

244 2033 429 2093 solummodo
460 2032 652 2092 Personarum
686 2033 747 2092 dari
780 2033 809 2091 in
843 2033 948 2092 divinis
977 2036 1092 2111 proprie
1123 2035 1244 2100 dicitur,
1277 2053 1349 2110 quae
1430 2101 1431 2104 Ἴ

245 2117 318 2174 mitti
341 2119 444 2190 potest,
465 2117 588 2175 mittitur
609 2120 722 2185 autem,
745 2133 819 2193 quae
841 2116 970 2190 procedit
991 2121 1020 2176 et
1040 2117 1076 2175 ab
1097 2115 1147 2177 illo
1169 2119 1311 2188 mittitur,
1334 2135 1347 2176 a
1430 2137 1431 2196 J

244 2217 303 2274 (punc
328 2199 464 2273 procedit.
508 2200 636 2275 Apparet
657 2196 777 2277 igitur³l
801 2199 911 2268 relatio,
934 2217 1000 2258 carm
1024 2200 1127 2260 dicitur
1147 2190 1255 2260 donum
1273 2199 1350 2271 Dei3

243 2281 352 2340 donum
374 2287 470 2340 autom
494 2287 537 2342 est
559 2282 650 2341 Patris
672 2287 701 2341 et
721 2279 802 2350 Filii,
825 2281 892 2359 quia
906 2286 937 2341 et
951 2300 965 2340 a
980 2281 1066 2341 Patre
1082 2285 1110 2342 ei
1125 2299 1140 2341 a
1155 2284 1229 2345 Filio
1244 2301 1346 2359 procc-

245 2364 294 2423 dit.
339 2363 455 2424 Donum
489 2384 558 2442 ergo
591 2365 735 2425 donatoris
768 2368 797 2424 et
828 2366 997 2425 donatorem
1027 2366 1093 2424 doni
1125 2384 1193 2427 cum
1216 2367 1346 2437 dicimus,

242 2446 362 2507 relative
382 2454 540 2526 utrumque
561 2449 596 2508 ad
619 2450 741 2508 invicem
763 2447 890 2508 dicimus
901 2448 936 2525 *p

329 2532 435 2591 Verum
460 2551 515 2592 non
539 2531 640 2592 relatio
661 2534 690 2590 in
712 2530 860 2591 communi
882 2531 997 2599 solum,
1030 2533 1079 2590 sed
1103 2531 1207 2592 modus
1230 2549 1347 2610 quoque

244 2613 392 2674 relationis
423 2614 478 2675 hoc
515 2617 631 2676 nomine
658 2614 839 2691 exprimitur.
882 2611 1000 2673 Amoris
1029 2617 1106 2675 enim
1129 2616 1280 2692 proprium
1303 2617 1346 2675 cst

242 2698 330 2766 darec
352 2699 427 2758 sicut
460 2699 622 2758 intellectus
654 2699 758 2758 dicere.
800 2695 902 2775 ltaque
933 2699 1049 2773 proprie
1078 2697 1202 2774 Spiritus
1230 2701 1345 2757 sanctus

246 2780 355 2840 donum
377 2789 504 2850 vocatur,
528 2799 583 2843 non
605 2779 714 2850 Filius,
749 2783 799 2858 qui
822 2799 874 2857 per
895 2779 1071 2840 intellectum
1095 2781 1232 2856 procedit.
1277 2781 1344 2840 Per-

244 2861 336 2923 iectus
358 2882 440 2924 amor
460 2865 508 2925 dat
530 2883 562 2924 se
583 2866 689 2942 ipsum,
710 2865 766 2924 hoc
788 2869 840 2934 est,
862 2867 1075 2934 communicat;
1102 2866 1153 2924 sed
1184 2882 1251 2924 cum
1284 2883 1346 2924 om-

243 2965 295 3006 nes
317 2948 396 3006 modi
424 2947 614 3007 accidentales
639 2947 669 3006 in
702 2949 840 3008 creaturis
873 2951 991 3023 propter
1011 2945 1178 3007 infinitatem
1205 2949 1346 3006 essentiae

246 3028 341 3088 reales
363 3030 470 3089 sintin
493 3029 573 3102 Deo,
607 3030 729 3106 Spiritus
761 3029 850 3089 sancti
873 3046 1016 3105 persona,
1045 3048 1119 3106 quae
1140 3032 1282 3090 terminus
1303 3034 1347 3090 cst

242 3116 272 3172 et
298 3114 413 3189 siguum
439 3117 468 3173 et
501 3115 696 3173 testimonium
727 3113 884 3174 voluntatis
905 3113 1027 3173 amantis
1048 3112 1210 3182 amborum,
1234 3114 1344 3172 donum

168 3233 170 3240 ·
244 3200 371 3256 vocatur.
388 3227 428 3240 —-
451 3194 508 3271 Qui
536 3201 683 3272 praeterea
705 3215 737 3256 se
759 3198 854 3273 ipsum
877 3197 940 3268 dat,
973 3213 1030 3256 nou
1050 3197 1176 3272 amplius
1197 3215 1229 3255 se
1251 3195 1346 3264 habet,

243 3279 293 3338 sed
314 3281 342 3338 in
375 3279 470 3340 altero
500 3280 645 3356 possidet,
666 3279 884 3357 quamvisipsc
913 3298 965 3357 per
995 3297 1026 3338 se
1049 3281 1168 3350 existat3
1190 3298 1222 3339 se
1250 3280 1347 3355 ipsum

195 3409 202 3421 .
243 3367 340 3422 autem
361 3363 409 3422 dat
428 3367 529 3422 mutuo
544 3361 628 3422 Pater
645 3366 674 3422 et
692 3362 783 3423 Filius
802 3383 835 3422 ex
866 3362 1009 3423 essentiali
1029 3379 1129 3424 amore
1150 3363 1186 3422 ad
1209 3380 1348 3440 persona·

244 3444 301 3505 lem
333 3447 471 3518 amorem,
494 3445 542 3522 qui
576 3448 619 3506 est
633 3445 756 3522 Spiritus
776 3449 902 3514 sanctus,
924 3450 953 3504 et
984 3445 1012 3504 iu
1042 3446 1096 3506 lroo
1125 3445 1198 3507 alter
1220 3445 1348 3505 alterum

244 3529 372 3606 possidet
392 3533 422 3588 et
447 3530 510 3604 ipso
531 3528 645 3588 iruilur.

327 3613 389 3674 Etsi
408 3611 494 3688 igitur
520 3610 548 3671 in
580 3613 646 3672 doni
674 3617 814 3688 conceptu
840 3611 999 3688 proprietas
1019 3611 1141 3687 Spiritus
1163 3616 1279 3672 aeterna
1295 3629 1347 3688 ap·

246 3700 339 3773 paret,
361 3701 457 3756 tamen
480 3693 550 3755 haec
568 3695 719 3772 explicatio
741 3696 826 3755 nimis
848 3693 999 3755 artificiosa
1019 3699 1048 3754 ct
1063 3694 1148 3774 longe
1166 3697 1288 3773 repetita
1307 3697 1348 3754 ui-

247 3807 529 3822 ——-—

283 3849 307 3908 1)
328 3849 475 3928 Breriioqu.
494 3847 523 3898 P.
542 3848 563 3896 l.
582 3860 604 3896 o.
623 3846 671 3896 lll.
692 3859 715 3908 p.
735 3845 778 3894 10.

286 3934 312 3994 2)
332 3937 420 3986 Hilar.
446 3933 539 3984 Trinit.
559 3932 602 3982 lib.
621 3933 655 3982 ll.
673 3945 699 3982 n.
726 3931 749 3982 l.
769 3945 794 3982 n.
815 3931 857 3982 3³.
875 3937 901 3982 et
919 3933 971 3983 tere
987 3943 1088 3994 semper
1104 3933 1224 3981 muueris
1247 3931 1349 3981 nomine

248 4021 373 4082 Spiritum
394 4029 512 4072 sanctum
531 4020 657 4083 designat.
694 4020 732 4068 De
748 4018 864 4070 doctrina
879 4018 905 4067 S.
923 4018 1018 4068 Hilarii
1036 4019 1067 4068 dc
1084 4016 1180 4080 Spiritu
1197 4006 1287 4068 saneto
1298 4016 1347 4068 rid.

244 4107 265 4158 S
291 4107 479 4171 dupostinum.
498 4106 586 4157 Trinit.
606 4105 652 4164 Vl,
674 4105 713 4157 to.

281 4190 592 4259 murmurarunt.
617 4191 649 4251 V,
669 4193 711 4244 11.
736 4194 766 4244 cl.
794 4193 915 4256 Fuipent.
941 4193 1019 4256 liesp.
1038 4193 1058 4242 1.
1077 4193 1109 4242 nd
1128 4191 1249 4244 Ferrand.
1278 4189 1346 4242 ltine.

265 4278 353 4334 ,Μ

245 4297 262 4344 p
282 4281 367 4432 ilaei.
387 4369 466 4432 Huac
486 4368 548 4420 Vua
569 4367 600 4420 dc
619 4367 733 4418 Sacrum.
752 4367 795 4418 lib.
814 4367 835 4418 l.
852 4369 881 4419 Ρ.
896 4367 944 4418 lll.
966 4379 986 4417 c.
1006 4365 1102 4418 XXIV.
1121 4379 1145 4429 p.
1164 4363 1224 4416 308.
