2910 4936
208 426 294 493 idern,
316 439 399 486 unus.
439 421 569 484 20110111
589 425 684 484 unius
704 429 734 485 ot
751 426 890 486 identitas
910 427 939 484 in
957 422 1107 486 Trinitate.
1151 421 1315 484 llaccuni·

208 516 250 569 tas
266 507 471 586 inexplicabilis
492 507 553 567 sola
584 509 613 566 io
641 504 672 566 S.
694 505 833 568 Trinitatis
849 508 1014 580 invenitur,
1043 521 1187 587 nusquam
1215 509 1314 578 alias;
1426 553 1427 588 ,

208 599 294 670 atque
314 595 454 652 unitatem
487 590 567 648 illam
588 591 736 650 nominare
753 595 875 669 oportet,
897 601 956 652 non
976 591 1122 650 unionem.
1146 589 1222 650 Huic
1244 607 1314 668 pro·
1426 605 1427 632 l

209 677 285 735 xima
305 682 350 736 est
367 677 436 734 unio
455 664 634 750 hypostatica
661 672 745 734 Verbi
765 691 829 734 cam
851 674 971 733 domiue.
1015 671 1143 734 Periecta
1161 674 1315 733 diversitas

211 754 410 841 (discrepantia
427 755 535 816 induite
556 757 696 822 tamaaac
718 761 835 817 naturae
855 775 871 816 a
890 759 1001 834 diotae)
1023 761 1052 817 ct
1074 755 1199 833 perlecta
1218 758 1316 816 unitas
1426 825 1427 844 χ

210 842 396 920 insuperiori
415 837 542 921 (Vardo).
588 838 683 899 llomo
698 855 794 917 neque
813 841 924 900 interne
947 857 1042 918 neque
1059 845 1177 900 externe
1201 840 1247 898 sui
1266 839 1315 915 ju·

208 927 267 997 ris;
300 929 420 994 natura,
454 941 510 982 non
533 939 675 999 persona3
697 924 816 983 omnino
845 922 1048 1000 dependensa
1080 922 1145 982 Filii
1179 939 1315 998 persona.
1426 925 1427 928 ’

209 1006 272 1070 Una
289 1023 422 1086 persona,
445 1006 519 1066 duae
536 1010 664 1066 naturae.
708 1006 810 1084 Neque
830 1006 860 1064 in
878 1005 932 1066 hoc
948 1007 1037 1082 gradu
1054 1005 1212 1085 quaesitam
1232 1006 1304 1064 unio

182 1146 184 1150 .
210 1109 276 1151 nem
295 1089 470 1161 invenimus,
492 1105 568 1149 unus
585 1091 663 1147 eninr
689 1087 830 1158 Christus,
852 1107 910 1149 non
932 1089 1031 1168 plures
1052 1095 1080 1149 et
1097 1107 1158 1156 nos,
1180 1090 1317 1166 quamvis
1426 1141 1427 1174 ,

211 1175 281 1234 uniti
302 1173 422 1250 Spiritui
444 1175 553 1243 sancto,
575 1176 671 1231 110110
693 1171 843 1232 distinctae
864 1173 899 1232 ab
918 1173 982 1249 ipso
1007 1188 1157 1249 personae.

293 1285 339 1348 Ad
356 1293 485 1348 terrenas
501 1289 598 1365 itaque
621 1287 742 1348 uniones
754 1287 959 1350 descendentes
977 1288 1014 1348 ab
1028 1286 1128 1348 infima
1143 1292 1172 1348 et
1187 1289 1316 1348 maxime
1426 1293 1427 1302 ’

210 1371 304 1434 soluta
327 1373 533 1442 exordiamur,
566 1373 600 1429 ut
622 1371 809 1431 ascendentes
831 1371 897 1433 inde
920 1371 1016 1432 medio
1035 1371 1140 1430 iterum
1158 1374 1315 1449 appropin-

209 1472 342 1532 quemus.
386 1451 488 1514 illocali
520 1456 629 1514 unitate
658 1471 710 1514 scu
740 1456 848 1514 unione
877 1455 989 1514 amicus
1019 1455 1111 1515 amico
1128 1455 1241 1514 vinctus
1261 1459 1314 1514 est.

210 1541 376 1616 iunguntur
392 1535 601 1608 benevolentia,
623 1555 699 1616 quae
719 1535 765 1598 vel
788 1555 823 1597 ex
846 1539 1015 1598 necessitate
1035 1538 1134 1608 oritur,
1155 1535 1213 1606 vel,
1236 1537 1311 1616 qnod
1422 1559 1425 1566 ·

210 1624 327 1688 iconum,
352 1619 506 1701 pulchrum
525 1619 715 1698 autaliquem
735 1620 821 1680 aliam
843 1619 935 1681 ideam
956 1619 1072 1680 realiter
1082 1619 1155 1680 alter
1172 1620 1201 1678 in
1222 1618 1312 1681 altero

189 1722 379 1782 -expressam
402 1704 478 1764 videt
508 1720 541 1762 ac
565 1703 676 1780 diligit,
706 1703 751 1764 vel
784 1703 908 1780 deniqne
938 1723 974 1764 ex
1003 1707 1107 1764 mutuo
1122 1703 1174 1764 liei
1207 1721 1315 1772 amore,

209 1806 267 1865 quo
292 1767 451 1847 arctissime
485 1786 540 1846 sibi
576 1786 700 1845 invicem
730 1789 759 1846 in
795 1785 857 1846 Deo
889 1787 1100 1847 devinciuntur.
1150 1785 1316 1848 Similitudo
1426 1769 1427 1802 ³

211 1868 317 1952 (unitas
337 1875 455 1930 naturae
480 1867 525 1928 vel
546 1869 770 1948 proprietatum)
787 1887 886 1929 amore
897 1871 1045 1946 conjuncta
1058 1867 1168 1954 ¹(urritas
1184 1865 1314 1950 amoris).
1426 1869 1427 1948 ξ

211 1955 280 2014 lude
298 1956 480 2022 animorum,
503 1953 728 2027 cogitationum,
751 1951 932 2014 voluntatum
953 1953 1128 2026 communio,
1151 1971 1207 2012 non
1229 1953 1315 2012 citae.
1426 1961 1427 2020 t

211 2037 303 2108 Vitae,
326 2033 484 2112 corporalis
506 2037 534 2093 et
550 2035 672 2106 animae,
695 2037 824 2096 internae
845 2039 874 2096 et
895 2040 1039 2104 externae,
1062 2037 1268 2096 necessitatum
1287 2041 1317 2095 et

208 2118 409 2190 abundantiae,
431 2115 607 2190 facultatum,
630 2117 781 2190 bonorum,
800 2117 900 2196 jurum
919 2124 948 2180 et
965 2119 1134 2191 ciliciorum,
1157 2121 1244 2182 totius
1260 2118 1315 2180 ho-

209 2205 296 2262 minis
314 2219 381 2271 cum
401 2201 512 2278 integro
531 2199 648 2260 homine
676 2202 820 2279 copulatio
842 2207 871 2262 et
888 2204 1064 2274 communio,
1082 2203 1118 2262 ad
1146 2219 1251 2261 novam
1271 2202 1316 2262 vi-

209 2293 268 2346 tam
294 2283 458 2346 hominibus
478 2288 507 2343 et
520 2285 583 2343 Deo
601 2287 796 2361 generandum
819 2281 1148 2366 (procreatio-edocatio)
1168 2284 1203 2344 ab
1221 2283 1318 2345 homi·

210 2368 293 2428 nibus
315 2366 480 2445 conjuncta,
501 2366 594 2426 alico
609 2365 728 2440 firmata,
744 2371 773 2427 in
797 2369 980 2429 matrimonio
999 2371 1183 2445 conspicitur.
1206 2367 1319 2446 Myste-

210 2452 287 2511 rium
307 2449 360 2512 hoc
378 2467 523 2528 magnum.
568 2449 625 2524 Qui
652 2468 734 2510 suam
752 2469 872 2510 uxorem
889 2451 1000 2528 diligit,
1033 2452 1186 2528 seipsum
1219 2451 1318 2530 diligit.

101 2544 103 2548 '
191 2533 303 2594 'Erunt
322 2535 380 2594 duo
400 2536 427 2592 in
448 2551 534 2592 carne
552 2550 609 2592 una
626 2533 700 2609 Eph.
722 2535 755 2599 V,
777 2533 829 2594 28.
852 2533 900 2594 31.
921 2533 956 2594 01.
976 2533 989 2596 l
1011 2534 1078 2596 Cor.
1097 2535 1146 2606 Vl,
1168 2532 1217 2592 16.
1239 2533 1320 2596 Haec

209 2617 306 2696 aliqua
327 2615 504 2688 similitudo,
527 2635 583 2676 non
602 2617 735 2678 omnibus
756 2617 887 2696 partibus
918 2618 1057 2678 absoluta.
1100 2617 1317 2680 Sacramentum

210 2701 263 2762 hac
285 2717 436 2778 magnum,
457 2717 511 2776 ego
530 2703 626 2759 autem
650 2699 714 2761 dico
734 2700 763 2760 in
787 2697 903 2762 Christo
922 2706 951 2762 et
961 2701 1099 2762 Ecclesia.
1121 2700 1197 2780 Eph.
1221 2701 1255 2773 V,
1268 2699 1316 2760 32.

293 2818 358 2876 lam
376 2815 411 2876 ad
432 2814 558 2874 mediam
576 2832 638 2874 rem
659 2817 854 2891 pervenimus.
901 2819 978 2878 inter
997 2818 1205 2897 hypostaticam
1233 2819 1315 2877 unio-

211 2919 277 2962 nem
308 2903 337 2960 et
363 2899 540 2959 matrimonii
564 2899 703 2968 moralem
731 2901 785 2960 sita
805 2905 849 2961 cst
876 2901 944 2961 unio
960 2897 1068 2960 Camari
1101 2905 1131 2960 et
1162 2898 1316 2969 Ecclesiae,

211 2984 314 3044 similis
335 2981 462 3059 utrique,
485 2981 631 3042 dissimilis
666 2982 702 3042 eb
723 2985 856 3059 utraque.
898 2981 1045 3060 Despondi
1070 2983 1148 3044 enim
1163 3001 1234 3054 vos,
1267 2983 1315 3042 uni

212 3068 276 3127 viro
293 3066 433 3142 virginem
453 3067 561 3138 castorp
576 3063 713 3124 exhibere
736 3065 763 3126 ll
775 3063 841 3125 Cor.
861 3063 914 3137 Xl,
932 3065 961 3124 2.
1003 3065 1094 3144 Apoc.
1118 3066 1203 3138 XlX,
1226 3067 1254 3126 7.
1273 3083 1316 3143 sq.

213 3149 301 3220 XXl,
323 3146 353 3206 2.
377 3146 405 3206 3.
429 3145 529 3216 XXII,
551 3146 600 3206 17.
644 3147 750 3208 Dilexit
781 3147 941 3210 Ecclesiam
966 3147 1115 3218 Christus,
1137 3153 1167 3208 et
1185 3152 1315 3226 seipsum

210 3232 327 3292 tradidit
339 3249 400 3307 pro
414 3247 457 3300 ea,
479 3234 512 3289 ut
530 3248 596 3289 eam
615 3227 814 3302 sanctificaret,
833 3230 882 3290 25.
904 3249 990 3292 nemo
1013 3233 1089 3292 enim
1108 3249 1236 3310 unquam
1253 3249 1315 3292 car-

212 3333 278 3375 nem
296 3332 379 3374 suam
398 3313 465 3373 odio
480 3310 586 3383 hebet,
617 3314 668 3372 sed
694 3315 783 3372 nutrit
804 3331 837 3374 ac
854 3313 933 3376 iovet
946 3332 1026 3384 eam,
1047 3317 1122 3376 sicut
1138 3321 1167 3376 et
1183 3315 1315 3376 Christus

211 3399 378 3459 Ecclesiam.
399 3395 449 3454 26.
473 3395 548 3473 Eph.
571 3396 603 3455 V.
626 3394 683 3469 Qui
700 3396 826 3462 Domino
842 3398 995 3469 adhaeret,
1018 3415 1092 3460 unus
1113 3397 1238 3474 Spiritus
1259 3403 1312 3458 est.

214 3480 307 3543 lCor.
327 3480 375 3546 Vl,
394 3478 442 3538 17.
486 3478 620 3540 Membra
648 3497 751 3540 sumus
781 3481 910 3557 corporis
946 3479 1008 3558 ejus
1037 3482 1174 3542 decarne
1199 3480 1262 3558 ejus
1284 3484 1319 3558 et

211 3565 249 3624 de
264 3563 376 3626 ossibus
399 3561 462 3639 ejus
481 3561 556 3638 Eph.
576 3563 610 3634 V,
631 3561 679 3622 30.
704 3563 717 3624 l
738 3549 805 3622 Cori
829 3563 877 3634 Vl,
912 3561 1043 3624 151101.
1071 3565 1094 3635 l,
1119 3563 1170 3623 23.
1192 3563 1240 3623 18.
1273 3565 1311 3634 ll,

213 3646 261 3707 19.
306 3647 373 3707 ldco
392 3663 467 3706 unus
483 3648 572 3724 panis,
594 3663 685 3707 unum
703 3663 809 3722 corpus
829 3647 913 3706 multi
933 3644 1045 3720 sumus,
1067 3664 1177 3717 omnes,
1199 3647 1249 3724 qui
1270 3647 1307 3707 de
1426 3715 1427 3720 η

212 3748 270 3789 noo
293 3731 504 3807 participamus.
534 3728 546 3788 l
569 3729 636 3790 Cor.
660 3727 705 3800 X,
728 3728 777 3788 17.
800 3727 863 3791 Col.
889 3731 948 3802 lll,
971 3727 1021 3789 15.
1045 3729 1124 3791 Sicut
1151 3731 1312 3790 101111001-

212 3831 267 3894 pus
288 3831 381 3874 unum
402 3817 447 3873 est
468 3815 498 3872 et
520 3812 652 3872 membra
673 3812 761 3872 habet
781 3813 899 3882 multa,
931 3813 1028 3874 omoia
1058 3815 1157 3873 autem
1178 3811 1312 3873 membra

212 3896 339 3974 corporis
361 3913 429 3956 cum
450 3895 543 3956 multa
564 3897 632 3967 sini,
654 3913 747 3956 unum
768 3899 866 3956 tamen
888 3914 993 3974 corpus
1014 3899 1092 3968 sunt,
1115 3897 1155 3956 ita
1172 3898 1202 3954 et
1225 3895 1310 3956 Cirri-

212 3982 276 4042 stus
299 3979 348 4039 12.
390 3979 507 4040 Etenim
530 3981 559 4038 in
579 3997 637 4039 uno
659 3977 768 4058 Spiritu
800 3997 902 4040 omnes
923 3981 951 4038 in
974 3995 1066 4040 noum
1089 3995 1195 4058 corpus
1215 3977 1309 4057 bapti·

185 4137 189 4146 ,
213 4064 270 4124 zati
296 4079 398 4122 sumus
429 4067 459 4122 et
480 4080 582 4123 omnes
604 4063 633 4122 in
654 4080 712 4122 uno
734 4061 844 4142 Spiritu
866 4063 956 4142 potati
978 4079 1091 4123 sumus.
1113 4063 1126 4122 l
1149 4059 1217 4123 Cor.
1239 4061 1309 4134 ΧΗ,

215 4149 265 4209 12.
288 4145 444 4207 15110111.
466 4146 540 4219 ΧΠ,
563 4145 593 4208 5.
635 4145 700 4208 Hoc
720 4147 840 4207 minime
862 4149 890 4206 in
912 4146 1006 4222 figura
1027 4146 1137 4208 dictum
1159 4146 1226 4224 quis
1246 4146 1308 4224 opi-

213 4233 314 4292 netur:
345 4229 396 4290 sed
418 4247 519 4289 revera
542 4228 676 4291 Christus
695 4229 725 4288 in
747 4230 892 4301 Ecclesiat
921 4229 1051 4290 Ecclesia
1082 4231 1113 4288 et
1140 4227 1309 4304 quicunque

215 4315 268 4391 ipsi
290 4313 437 4382 adhaeret,
461 4313 488 4370 in
510 4310 636 4372 Christo.
