2910 4936
657 311 702 376 tt

129 527 289 586 congruum
312 514 375 577 est,
400 509 449 586 qui
472 527 507 568 ex
537 510 648 568 ratione
679 509 807 567 internae
828 525 897 568 suae
929 510 1110 586 proprietatis
1132 509 1226 568 divina

129 611 218 670 opera
240 591 376 667 complet.
421 593 520 667 ltaque
541 609 607 651 cum
630 589 864 667 superierebatur
884 592 1021 666 Spiritus,
1057 591 1135 652 nulla
1166 597 1228 650 erat

128 679 217 747 gratia
239 681 388 734 creaturae
397 671 432 757 ¹).
463 673 564 734 Postea
583 690 756 751 veroquam
779 676 976 750 operationem
995 675 1119 751 Spiritus
1140 675 1225 734 etiam

129 759 268 819 Creatura
289 758 389 817 muudi
413 759 495 817 istius
516 757 656 833 suscepit,
678 773 794 816 omnem
812 756 884 816 banc
894 757 1002 833 gratiae
1015 759 1120 817 meruit
1138 773 1226 816 venu-

24 885 26 892 >
128 847 243 913 statem,
262 857 319 918 qua
333 841 458 900 arundus
470 841 574 900 illuxit.
595 839 726 916 benique
740 843 801 899 sine
814 839 921 917 Spiritu
931 847 1028 900 sancto
1039 843 1155 916 gratiam
1167 855 1228 898 ma·

129 941 200 984 nere
210 943 268 983 nou
280 941 365 1000 posse
376 922 517 1002 Propheta
529 921 693 994 declaravit,
704 923 817 982 dicens:
842 923 964 982 Auferes
974 924 1110 999 Spiritum
1124 941 1225 983 eorum

130 1013 160 1066 et
181 1005 315 1067 deficient
336 1014 365 1066 et
388 1008 415 1066 iu
438 1006 589 1084 pulverem
611 1023 698 1065 suum
727 1011 916 1066 revertentur.
959 1006 1067 1065 Emitte
1088 1005 1225 1082 Spiritum

130 1096 214 1150 tuum
236 1097 263 1149 et
284 1089 459 1150 creabuntur
480 1095 509 1150 et
530 1087 681 1149 renovabis
702 1087 803 1148 iaciem
826 1093 929 1149 terrae.
951 1088 996 1148 Ps.
1013 1088 1096 1161 Cili,
1120 1086 1205 1164 13²).

192 1173 288 1250 Atque
309 1172 385 1232 haud
402 1189 485 1233 secus
507 1171 715 1248 intelligibilem
735 1189 833 1232 rerum
851 1174 1044 1233 universitatis
1057 1179 1176 1248 partem,
1197 1178 1227 1230 et

132 1257 260 1333 Angelos
283 1261 312 1315 et
332 1255 479 1315 bominem
502 1254 622 1333 perficit.
648 1252 844 1337 Ἀνθρωπος
863 1253 924 1336 γάρ
946 1255 1019 1314 κατ’
1041 1255 1154 1314 εἰκόνα
1171 1252 1226 1311 καὶ

131 1337 289 1416 ὁμοίωσιν
307 1339 369 1397 τοῦ
385 1337 547 1414 ἀγενήτου
568 1337 703 1418 γένεται
721 1339 813 1396 θεοῦ·
833 1344 894 1399 τοὺ
916 1338 974 1418 μὲν
991 1337 1118 1418 πατρὸς
1139 1336 1227 1396 ebdo-
1274 1405 1276 1410 ¹

131 1421 268 1491 κοΰντος
291 1419 347 1480 καὶ
371 1419 583 1495 κελεύοντος,
612 1423 675 1481 τοῦ
703 1419 738 1479 δὲ
760 1421 834 1482 οἱοῦ
854 1427 1068 1502 πράσσοντος
1096 1420 1152 1478 καὶ
1172 1419 1226 1490 δη-

128 1509 383 1583 μιουργοῦντος,
413 1507 475 1564 τοῦ
498 1503 533 1563 δὲ
557 1506 746 1582 πνεύματος
769 1503 952 1585 τρέφοντος
974 1503 1031 1560 καὶ
1052 1501 1227 1576 αὔξοντος,

126 1587 191 1646 τοῦ
203 1583 237 1646 δὲ
250 1583 428 1670 ἀνθρώπου
442 1584 545 1668 ἠρέμα
559 1586 810 1668 προκόπτοντος
823 1584 880 1645 καὶ
896 1585 975 1669 πρὸς
990 1583 1120 1646 τέλειον
1133 1584 1225 1662 elvep-

126 1669 270 1748 χομένοο
282 1665 318 1751 ³).
362 1667 415 1730 Per
437 1667 530 1730 silium
552 1669 615 1746 ipse
644 1667 721 1729 lilius
743 1669 796 1728 Dei
818 1669 853 1729 ad
884 1670 1038 1746 imaginem
1059 1667 1113 1729 Dei
1137 1667 1226 1728 homo

127 1755 244 1812 creatus
259 1757 319 1824 est,
342 1751 549 1830 perspiritum
568 1757 699 1812 sanctum
717 1751 753 1812 ad
781 1752 1000 1812 similitudinem
1017 1751 1173 1828 perductus
1181 1747 1226 1834 ⁴);

125 1852 218 1912 quae,
240 1835 270 1894 iu
282 1839 430 1896 sanctitate
441 1837 610 1912 praesertim
622 1835 790 1909 consistens,
813 1833 971 1898 similitudo
988 1851 1079 1914 quum
1095 1836 1225 1894 omnium

126 1920 165 1978 sit
187 1917 325 1992 perfectio
346 1924 561 1980 creaturarum:
583 1919 618 1979 ad
631 1918 747 1979 culmen
757 1921 840 1995 primi
863 1920 960 1998 operis
981 1918 1110 1996 perducti
1132 1916 1225 1977 subsi-

124 2005 236 2061 stentes
258 2000 434 2079 paullulum,
457 2003 641 2065 sanctitatem
653 2001 779 2078 Spiritus
797 2005 827 2063 et
844 2001 965 2064 liberam
980 2001 1042 2080 ejus
1057 2019 1124 2062 cum
1145 2017 1225 2062 orea-

125 2091 190 2144 tura
211 2086 500 2146 communicationem
521 2084 791 2163 contemplabimur.

188 2165 274 2228 Nulla
283 2174 412 2228 creatura
423 2187 475 2247 per
485 2187 517 2228 se
530 2170 574 2230 vel
584 2187 635 2246 per
646 2172 763 2228 naturae
774 2169 850 2230 vires
861 2175 956 2229 sancta
968 2175 1020 2229 est.
1043 2167 1149 2228 Potens
1161 2168 1225 2246 qui·

121 2251 190 2310 dem
203 2252 232 2310 et
243 2251 355 2311 validus
366 2257 395 2312 et
406 2249 566 2329 intelligens
577 2257 630 2311 etc.
641 2261 749 2312 eutero
763 2250 860 2324 borno,
882 2257 997 2311 sauctus
1008 2255 1104 2311 autern
1116 2257 1161 2310 est
1176 2251 1224 2310 be·

121 2333 226 2393 nerola
238 2333 289 2394 Dei
305 2352 371 2394 cunr
381 2335 476 2394 anima
488 2337 690 2395 commuuione
702 2341 730 2395 et
740 2335 823 2394 liberi
833 2333 940 2395 arbitrii
952 2338 980 2394 in
992 2334 1085 2394 Deum
1102 2351 1223 2393 conver·

120 2415 245 2496 siune³).
272 2415 307 2478 Ut
317 2420 378 2477 suis
396 2419 487 2496 ipsius
498 2417 608 2478 viribus
622 2437 677 2478 uon
690 2428 739 2490 est,
761 2419 798 2477 ita
808 2435 860 2477 sua
872 2417 1003 2478 libertate
1014 2418 1074 2478 sola
1088 2435 1144 2477 non
1159 2419 1225 2476 talis

122 2506 176 2567 est,
192 2501 281 2576 quiin
296 2501 389 2560 Deum
400 2500 522 2573 lerator;
542 2501 592 2561 sed
603 2505 691 2579 gratia
703 2502 898 2579 praevenitur,
909 2508 941 2561 ut
950 2501 1043 2560 Deum
1056 2505 1183 2578 quaerat,
1196 2507 1224 2559 et

120 2584 211 2659 gratia
229 2600 296 2643 cum
312 2583 374 2644 Deo
394 2585 494 2644 intime
515 2586 621 2644 unitur.
653 2582 774 2646 Unionis
799 2583 882 2662 hujus
900 2585 1013 2644 initium
1034 2601 1050 2644 a
1069 2583 1224 2661 superiore,

123 2669 213 2724 irumo
225 2683 363 2742 supremo
374 2667 490 2728 domino
501 2670 750 2745 oriaturoportet3
772 2666 897 2727 bominis
910 2671 954 2727 est
963 2669 1055 2746 sequi.
1078 2663 1223 2737 Quemad-

122 2749 243 2807 modum
255 2749 427 2826 igiturDeus
438 2755 586 2810 creaturae
597 2750 686 2810 libere
698 2752 878 2810 existentiam
890 2751 946 2823 dat,
955 2752 994 2809 ita
1004 2751 1090 2810 etiam
1100 2750 1224 2810 existen-

122 2832 180 2890 tiae
193 2833 363 2908 qualitates:
382 2833 521 2910 justitiam
539 2837 568 2892 et
582 2833 724 2906 ordinem,
738 2837 771 2892 ut
786 2835 814 2894 in
833 2835 922 2912 gradu
940 2833 1031 2911 posita
1047 2833 1093 2904 sit,
1116 2836 1166 2910 qui
1181 2831 1224 2890 illi

120 2911 212 2974 aDeo
225 2921 353 2976 creatore
368 2921 413 2976 est
431 2919 599 2993 assignatus,
620 2920 821 2977 verumtamen
838 2921 1010 2994 potestatem
1033 2921 1062 2977 et
1077 2915 1222 2994 optio'nem

122 2997 179 3073 ipsi
201 2996 267 3058 lecit
287 3004 336 3059 aut
357 3000 512 3078 recipiendi
533 3001 618 3059 istam
640 2999 762 3060 formam
781 3002 908 3061 etistum
920 3001 1066 3072 ordinem,
1089 3002 1139 3059 aut
1159 2995 1223 3074 reji-

123 3080 228 3140 ciendi.
272 3081 302 3142 Si
335 3083 432 3160 itaque
453 3083 594 3144 Sanctitas
624 3082 689 3160 jure
718 3085 831 3143 animae
856 3082 947 3144 lorma
976 3084 1134 3162 nuncupari
1156 3082 1223 3141 licet

120 3163 216 3236 (sicuti
229 3163 398 3225 Scholastici
416 3165 541 3226 animam
560 3165 689 3244 corporis
711 3165 834 3226 formam
857 3165 1065 3242 nominabant),
1087 3167 1115 3225 in
1133 3181 1222 3243 quam

120 3247 150 3304 vi
174 3249 255 3324 quasi
279 3248 402 3308 naturali
424 3248 612 3310 vehementer
634 3248 739 3319 tendit,
770 3253 799 3308 et
820 3267 877 3328 qua
898 3248 997 3310 orbata
1019 3246 1219 3329 (oceanec'el

120 3381 416 3397 m

158 3473 184 3531 tl
204 3477 333 3525 venustas
352 3481 392 3524 est
411 3474 496 3536 aliqua
515 3482 645 3525 creaturae
664 3474 820 3526 inanimatae
839 3477 927 3537 gratia.

154 3555 183 3622 2)
201 3557 227 3608 S.
240 3560 358 3610 Ambros.
378 3562 416 3611 De
434 3560 478 3624 Sp.
492 3562 517 3612 S.
538 3562 572 3622 ii,
592 3559 617 3610 b.
636 3563 669 3612 ci.
687 3563 809 3626 Fulgeut.
828 3561 860 3614 de
878 3562 969 3614 Triuit.
988 3578 1009 3614 c.
1030 3565 1075 3614 Vi.
1094 3581 1117 3628 p.
1136 3565 1196 3615 oda,

157 3645 181 3706 3)
201 3646 288 3696 liorno
312 3647 381 3697 enim
409 3646 440 3697 ad
466 3647 602 3709 imaginem
627 3657 652 3700 et
676 3649 871 3701 sinrilitudinern
896 3650 1002 3702 increati
1028 3658 1130 3703 creatur
1159 3653 1219 3702 bei:

119 3733 196 3783 Patre
214 3733 315 3784 volente
334 3741 359 3783 et
374 3734 494 3794 jubente,
519 3733 585 3784 Filio
604 3736 712 3788 iaciente
732 3744 756 3787 et
774 3736 913 3794 condente,
934 3737 1029 3801 Spiritu
1048 3738 1175 3788 nutriente
1195 3746 1220 3788 et

118 3825 240 3880 augente,
260 3819 362 3870 bomine
381 3820 478 3870 sensim
498 3821 643 3882 proliciente
662 3821 735 3872 etad
754 3823 934 3885 perlectionem
954 3823 1122 3887 perveniente.
1148 3825 1218 3875 iren.

118 3905 178 3956 adv.
197 3903 265 3955 beer.
285 3903 331 3954 lv.
350 3921 374 3955 c.
393 3905 436 3956 38.
455 3921 480 3956 u.
500 3907 524 3957 3.
550 3907 581 3958 cl.
600 3907 697 3959 dehac
716 3909 824 3959 doctrin.
844 3909 927 3974 Epist.
947 3911 1041 3972 Synod.
1064 3913 1166 3961 tiamne.
1187 3914 1217 3962 ad

117 3990 242 4041 (triental.
262 4005 302 4053 ap.
322 3992 472 4044 Tteoaorer.
492 3993 525 4044 Η.
540 3993 570 4044 Ε.
591 3995 620 4050 V,
642 3995 683 4043 tt.
703 4009 727 4057 p.
739 3993 814 4055 215„
834 4008 899 4059 quae
918 4011 1019 4048 summo
1039 4009 1156 4050 acumine
1173 4001 1216 4049 SS.

117 4073 253 4127 Trinitatis
273 4077 414 4128 doctrinam
434 4081 544 4143 exponit.

155 4163 180 4222 i)
200 4166 264 4214 Cum
284 4167 412 4226 spiraculo
434 4168 498 4215 tritae
521 4169 648 4228 justitiam
675 4171 823 4230 originalem
843 4185 856 4220 a
876 4172 917 4233 Sp.
938 4175 962 4222 S.
982 4171 1078 4224 bomini
1107 4175 1217 4224 iulusana

118 4263 191 4302 esse.
212 4251 284 4298 multi
306 4253 392 4300 i’atres
413 4253 544 4304 affirmant.

156 4332 182 4397 5)
201 4337 321 4385 Libertus
343 4341 459 4400 prolium
482 4340 555 4400 qrrvrsi
576 4344 750 4392 correlativntn
772 4346 894 4404 praetulit.
923 4355 945 4395 et
966 4348 1060 4397 liberos
1079 4351 1103 4397 iu
1123 4349 1216 4402 evauno

120 4436 226 4484 egnum
246 4436 274 4472 ac
295 4424 434 4474 dorruuiuru
454 4427 547 4476 intrare
567 4437 670 4487 rrportet.
