2910 4936
776 235 824 310 32

245 434 312 494 tatis
331 431 364 507 ι).
406 429 454 492 Τὸ
477 427 514 492 δὲ
540 429 637 512 ἅγιον
663 433 795 514 πνεῦμα
822 431 899 518 παρ’
924 431 1122 518 ἀμφοτέρων
1149 437 1283 515 πνεῦμα
1319 433 1355 496 ἐκ

245 515 455 596 πνεύματος,
477 520 608 595 πνεῦμα
624 511 687 598 pdp
706 515 725 576 ὁ
744 515 869 598 θεὸςῖ).
899 515 1017 582 Constat
1038 521 1115 580 enim
1137 518 1355 596 inexpugnabili

247 603 376 673 ratione,
397 598 538 675 Spiritum
558 605 691 660 sanetum
713 617 778 662 esse
798 601 836 661 de
850 600 942 676 Filio,
964 604 1047 663 sicuti
1070 606 1114 663 est
1131 602 1168 663 de
1183 601 1279 672 Patre,
1303 619 1356 663 neo

247 687 345 744 minen
365 699 430 744 esse
451 684 489 744 de
511 681 625 744 duobus
647 682 779 758 diversis,
800 685 851 746 sed
873 686 910 747 de
928 703 999 747 uno.
1041 685 1087 746 Ex
1108 703 1143 746 eo
1163 686 1253 758 enim,
1276 684 1354 764 quod

245 764 330 830 Pater
351 770 380 827 et
400 764 491 827 Filius
511 783 603 826 unum
625 771 708 838 sunt,
739 767 768 828 id
789 771 835 830 est
856 788 892 830 ex
914 769 992 842 lieo,
1014 773 1059 830 est
1078 767 1203 846 Spiritus
1227 774 1353 844 sanetus,

247 870 306 912 uon
327 869 363 911 ex
386 867 441 922 eo,
472 848 550 909 unde
570 849 619 910 alii
641 854 708 911 sunt
729 851 764 912 ab
785 850 956 935 invicem³).
999 849 1085 926 Quod
1116 853 1202 929 igitur
1236 855 1354 931 utrique

246 949 422 1005 commune,
443 931 499 994 hoe
519 933 557 993 de
578 934 663 995 tertia
684 952 807 1012 persona
830 937 947 1014 proprie
969 936 1090 1008 dieitur,
1112 951 1204 1013 quum
1225 953 1264 995 ex
1284 937 1355 1013 ipsis

245 1017 470 1090 subsistentiam,
488 1033 612 1094 eamque
623 1018 902 1096 proptereahabeat,
925 1024 1079 1099 quaesunt
1092 1019 1161 1096 ipsis
1176 1022 1353 1079 eommunis.

245 1099 392 1174 Quoniam
404 1092 484 1160 Deus
494 1099 620 1178 Spiritus
639 1106 684 1163 est
705 1105 734 1161 et
754 1102 912 1181 spiritualis
932 1104 1007 1163 vita:
1029 1102 1095 1164 ideo
1105 1100 1192 1163 Pater
1208 1103 1239 1162 et
1253 1101 1353 1176 Filius,

248 1188 279 1246 et
299 1183 437 1261 quoniam
458 1187 582 1261 uterque
603 1183 746 1263 Spiritus,
776 1187 842 1248 ideo
864 1186 894 1246 in
915 1186 1027 1263 Spiritu
1050 1185 1176 1246 Trinitas
1197 1183 1354 1262 perficitur.

247 1269 339 1330 Reate
360 1267 457 1344 itaque
478 1265 603 1344 Spiritus
625 1273 764 1343 vocatur,
785 1267 867 1347 eujus
887 1273 932 1330 est
953 1266 1227 1346 propriumaPatre
1240 1273 1271 1329 et
1280 1267 1353 1330 Filio

247 1349 368 1428 Spiritu,
392 1357 510 1428 propter
519 1350 757 1428 Spiritualitatem
779 1357 809 1413 et
829 1355 858 1412 in
879 1359 1021 1432 quantum
1042 1357 1110 1414 sunt
1130 1369 1205 1413 unus
1219 1351 1353 1428 Spiritus,

248 1435 423 1514 proaedere,
455 1437 544 1512 atque
568 1435 682 1512 egregie
703 1433 873 1514 Fulgentius
884 1433 908 1517 ⁴)
938 1436 1029 1496 dixit:
1059 1435 1208 1512 „Spiritus
1230 1433 1354 1515 alicujus

247 1517 400 1598 aspirantis
421 1519 484 1591 est,
510 1536 580 1596 ergo
601 1517 637 1578 ad
657 1518 773 1580 Patrem
794 1518 958 1597 Filiumque
979 1516 1131 1580 refertur.“

331 1602 367 1663 ll.
410 1600 441 1661 Si
463 1605 561 1662 autem
581 1600 611 1662 S.
622 1600 803 1680 Augustinus
815 1597 839 1683 ⁶)
862 1600 1032 1664 relationem
1050 1603 1080 1662 in
1100 1601 1156 1664 boe
1166 1600 1286 1661 nomine
1298 1620 1354 1663 nou

247 1703 392 1831 {silit
410 1683 741 1848 dllllmllllfflpllll
763 1688 1088 1848 attitulante
1110 1684 1353 1829 illinis

385 1811 393 1841 ν
1068 1812 1076 1829 ·
1346 1812 1353 1842 ν

246 1871 321 1932 quae
343 1856 425 1930 parte
442 1849 464 1912 l.
488 1856 517 1925 5.
540 1850 567 1912 1.
589 1869 616 1912 a.
639 1851 676 1914 ll.
698 1853 735 1913 de
755 1853 880 1930 Spiritus
902 1853 1019 1920 notione
1045 1852 1189 1923 diximus,
1221 1852 1356 1930 sequitur

247 1938 395 1998 notionem
417 1934 491 1995 hano
512 1953 570 1995 non
591 1937 688 1996 minus
709 1936 886 2010 voluntatis,
907 1952 996 2014 quam
1017 1935 1180 1997 intellectus
1197 1951 1265 1995 esse
1288 1953 1355 2012 pro·

248 2023 361 2099 prinm;
383 2021 475 2078 immo
497 2037 567 2080 vero
588 2017 667 2080 illam
689 2037 726 2080 ex
748 2019 897 2082 voluntate
918 2021 1015 2098 potius
1037 2019 1242 2096 desumptam,
1264 2035 1355 2095 quam

246 2122 283 2164 ex
305 2099 454 2162 intellectu
463 2100 497 2183 8).
530 2103 639 2164 Verum
663 2103 965 2180 enimveroSpiritum
985 2102 1077 2164 animi
1097 2103 1246 2182 quandam
1268 2102 1356 2184 affee-

248 2187 354 2248 it'ooem
369 2188 399 2246 et
420 2186 657 2264 exagitationem,
680 2203 755 2265 quae
770 2187 950 2248 voluntatem
972 2186 1127 2266 praecipue
1138 2185 1235 2258 afficit,
1258 2187 1358 2246 nomi-

248 2271 310 2330 nari
331 2268 505 2330 invenimus.
541 2270 582 2330 lta
592 2268 712 2330 hostiles
726 2268 842 2349 aliquis,
864 2271 947 2342 altos,
969 2270 1074 2348 regios,
1096 2271 1192 2342 mites,
1213 2267 1357 2347 benignos

246 2353 373 2431 Spiritus
395 2369 536 2426 sumere,
558 2354 693 2429 spiritum
716 2356 864 2432 mitigare,
888 2369 1060 2431 exasperare
1078 2353 1199 2425 dieitur,
1220 2355 1250 2412 et
1272 2354 1359 2428 polita

248 2437 347 2498 divino
366 2454 398 2498 so
413 2436 528 2514 poetico
544 2437 648 2514 spiritu
665 2437 787 2514 agitatus
804 2436 950 2498 veteribus
971 2436 1133 2498 videbatur.
1167 2435 1240 2496 lnde
1251 2432 1358 2496 Graeci

248 2519 333 2602 μέγα
348 2527 464 2594 πνεῖν,
487 2517 588 2599 μένεα
607 2528 722 2591 πνεῖν,
744 2525 808 2602 πῦρ
826 2527 923 2582 πνεῖν
935 2516 959 2600 ⁷)
984 2519 1117 2581 dicebant
1129 2519 1258 2580 etanimi
1274 2537 1358 2580 sum·

247 2622 327 2666 mam
357 2607 582 2667 commotionem
608 2601 666 2664 hoo
696 2602 837 2664 vocabulo
870 2603 1063 2676 denotabant,
1104 2602 1355 2681 quemadmodum

247 2688 343 2750 Latini
361 2691 470 2767 spirare
487 2705 555 2748 eum
574 2686 722 2760 dicebant,
744 2688 795 2765 qui
816 2687 935 2748 ardente
950 2686 1085 2764 cupidine
1096 2685 1126 2747 in
1146 2684 1278 2765 aliquam
1290 2703 1355 2748 rem

248 2772 404 2834 ferebatur.

332 2855 397 2917 Pari
417 2853 505 2917 modo
525 2853 653 2916 Hebraei
675 2851 850 2916 venabulum
872 2861 946 2947 [λῃ
967 2849 1156 2939 usurpant⁸).

286 3044 313 3110 1)
332 3044 356 3096 S·
372 3044 508 3098 narare.
527 3042 610 3093 Serra.
626 3041 676 3092 lll.
696 3041 722 3092 in
741 3040 844 3093 Pontes.
863 3055 888 3092 n.
907 3039 934 3094 2.
952 3053 977 3104 p.
997 3038 1056 3092 oia.

284 3131 311 3194 2)
330 3131 441 3183 Sanetus
454 3129 566 3194 spiritus
582 3139 614 3180 ex
633 3127 759 3180 ambobus
772 3127 883 3192 Spiritus
898 3127 930 3179 de
939 3126 1049 3192 Spiritu:
1068 3125 1180 3190 Spiritus
1199 3125 1268 3178 enlm
1278 3127 1361 3178 Deus.

249 3220 385 3284 Eptptan
405 3219 514 3270 Haeres.
532 3218 620 3269 XXX.
639 3228 662 3268 a.
681 3217 727 3268 iv.
747 3227 773 3266 n.
790 3215 818 3266 ⁷.

286 3302 315 3372 3)
332 3307 449 3357 anesim.
468 3305 513 3358 lib.
532 3303 564 3355 da
582 3315 696 3367 process.
715 3303 759 3366 Sp.
770 3302 796 3353 S.
815 3303 847 3353 ni.
857 3300 924 3365 Aup.
936 3299 1027 3351 Trlnlt.
1037 3301 1069 3358 V,
1089 3300 1131 3352 11.
1151 3300 1268 3358 xv,1o.
1287 3299 1361 3366 Apo·

251 3392 328 3445 dard.
340 3392 372 3444 de
389 3392 432 3444 tid.
452 3391 525 3446 rarii.
545 3404 567 3442 ε.
577 3391 626 3442 lll.
652 3390 743 3441 Plures
757 3388 864 3440 Petrum
879 3388 1022 3439 sententias
1040 3387 1257 3440 attulitl’ataotns
1266 3389 1360 3450 norm.

250 3487 314 3635 ‘⁰¹23
333 3481 517 3622 bepbrsibbbte
535 3580 557 3620 e.
571 3568 617 3620 Vl.
637 3579 663 3630 p.
682 3563 742 3616 toi.
761 3563 792 3615 al.
816 3565 895 3627 uesp.
914 3562 946 3614 ad
965 3563 1085 3617 Ferrand.
1104 3561 1341 3626 moabitidi.

285 3657 314 3807 (λλ
334 3656 631 3807 bbiibbbmv'scbbpiorum
648 3754 700 3792 uon
719 3752 800 3804 pauca
815 3739 872 3791 lona
885 3738 987 3802 collegit
996 3739 1102 3790 itobert.
1115 3737 1260 3803 Stephanus
1277 3738 1359 3789 Tbes.

251 3831 312 3895 ling.
330 3831 403 3884 latin.
416 3831 602 3894 suspiritus,
621 3829 705 3895 spiro,
724 3827 769 3879 nbi
789 3827 905 3882 diversas
923 3826 1043 3878 vocabuli
1061 3825 1272 3890 significationes,
1291 3838 1360 3889 quas

186 3964 190 3972 .
252 3919 422 3978 adduximus,
441 3919 567 3972 invenies.

288 4007 315 4070 7)
332 4006 389 4059 Ant.
407 4008 463 4066 lX,
483 4009 509 4059 1.
527 4007 554 4056 ll
571 4007 657 4060 Maso.
674 4007 728 4064 lX,
748 4005 792 4058 17.

171 4101 183 4118 ⁸
288 4100 320 4164 8)
337 4106 423 4154 Τοῦτο
438 4097 467 4154 δὲ
486 4104 516 4154 τὸ
534 4104 636 4174 πνεῦμα
653 4095 760 4174 δύναμιν
776 4101 819 4154 καὶ
837 4098 915 4152 οἱονεὶ
932 4093 1053 4172 δευτέραν
1067 4093 1154 4170 ψυχὴν
1170 4096 1320 4158 αἰσθητικὴν
1335 4097 1361 4150 οἱ

252 4198 313 4281 παρ’
332 4202 435 4262 Ἕλλησι
456 4201 564 4256 καλοῦσι
586 4205 669 4274 σοφοὶ.
704 4205 733 4254 Ἡ
750 4196 794 4254 οὖν
810 4199 946 4259 αἰσθητικὴ
967 4198 1032 4258 αὕτη
1057 4194 1130 4270 ψυχὴ
1153 4196 1220 4253 ἐστιν
1242 4200 1256 4259 ἡ
1280 4198 1362 4270 μέχρι

253 4305 352 4384 μυελῶν
365 4307 408 4357 καὶ
423 4301 522 4377 φλεβῶν
539 4306 582 4356 καὶ
599 4301 714 4378 &propiis
725 4305 766 4356 καλ
778 4299 874 4355 ὀστέων
885 4305 928 4356 καὶ
938 4297 999 4354 ὅλον
1015 4304 1063 4354 ’τοῦ
1080 4303 1198 4374 σώματος
1217 4295 1361 4396 deipassiano-

253 4403 369 4467 Dionpa,
386 4395 484 4464 areop.
502 4395 542 4450 lia
560 4395 641 4452 divin.
658 4409 730 4454 nom.
748 4408 773 4454 ε.
790 4395 853 4448 ΧΠ.
