<?xml version="1.0" encoding="UTF-8"?>
<!DOCTYPE html PUBLIC "-//W3C//DTD XHTML 1.0 Transitional//EN"
    "http://www.w3.org/TR/xhtml1/DTD/xhtml1-transitional.dtd">
<html xmlns="http://www.w3.org/1999/xhtml" xml:lang="en" lang="en">
 <head>
  <title>
</title>
<meta http-equiv="Content-Type" content="text/html;charset=utf-8" />
  <meta name='ocr-system' content='tesseract 3.04.00' />
  <meta name='ocr-capabilities' content='ocr_page ocr_carea ocr_par ocr_line ocrx_word'/>
</head>
<body>
  <div class='ocr_page' id='page_1' title='image "./denominibusspir00busegoog_0027.png"; bbox 0 0 2910 4936; ppageno 0'>
   <div class='ocr_carea' id='block_1_1' title="bbox 766 245 814 324">
    <p class='ocr_par' dir='ltr' id='par_1_1' title="bbox 766 245 814 324">
     <span class='ocr_line' id='line_1_1' title="bbox 766 245 814 324; baseline -0.125 0"><span class='ocrx_word' id='word_1_1' title='bbox 766 245 814 324; x_wconf 82' lang='lat' dir='ltr'><strong>ct</strong></span> 
     </span>
    </p>
   </div>
   <div class='ocr_carea' id='block_1_2' title="bbox 233 444 1351 1524">
    <p class='ocr_par' dir='ltr' id='par_1_2' title="bbox 233 444 1351 1524">
     <span class='ocr_line' id='line_1_2' title="bbox 239 444 1351 528; baseline -0.002 -19"><span class='ocrx_word' id='word_1_2' title='bbox 239 447 405 510; x_wconf 75' lang='lat' dir='ltr'><strong>immediate</strong></span> <span class='ocrx_word' id='word_1_3' title='bbox 426 451 576 528; x_wconf 88' lang='lat' dir='ltr'><strong>sequitur,</strong></span> <span class='ocrx_word' id='word_1_4' title='bbox 597 449 731 528; x_wconf 88' lang='lat' dir='ltr'><strong>quamvis</strong></span> <span class='ocrx_word' id='word_1_5' title='bbox 752 449 907 509; x_wconf 78' lang='lat' dir='ltr'><strong>essentiam</strong></span> <span class='ocrx_word' id='word_1_6' title='bbox 928 444 1077 508; x_wconf 90' lang='lat' dir='ltr'><strong>intellectu</strong></span> <span class='ocrx_word' id='word_1_7' title='bbox 1092 445 1176 523; x_wconf 87' lang='lat' dir='ltr'><strong>prius</strong></span> <span class='ocrx_word' id='word_1_8' title='bbox 1196 446 1351 525; x_wconf 87' lang='lat' dir='ltr'><strong>concipia-</strong></span> 
     </span>
     <span class='ocr_line' id='line_1_3' title="bbox 238 530 1349 611; baseline -0.003 -17"><span class='ocrx_word' id='word_1_9' title='bbox 238 550 306 594; x_wconf 88' lang='lat' dir='ltr'><strong>mus</strong></span> <span class='ocrx_word' id='word_1_10' title='bbox 328 549 417 611; x_wconf 87' lang='lat' dir='ltr'><strong>quam</strong></span> <span class='ocrx_word' id='word_1_11' title='bbox 438 533 608 594; x_wconf 88' lang='lat' dir='ltr'><strong>bonitatem.</strong></span> <span class='ocrx_word' id='word_1_12' title='bbox 651 531 681 592; x_wconf 83' lang='lat' dir='ltr'><strong>si</strong></span> <span class='ocrx_word' id='word_1_13' title='bbox 704 531 876 592; x_wconf 65' lang='lat' dir='ltr'><strong>attrabatum</strong></span> <span class='ocrx_word' id='word_1_14' title='bbox 902 532 954 591; x_wconf 79' lang='lat' dir='ltr'><strong>doc</strong></span> <span class='ocrx_word' id='word_1_15' title='bbox 982 530 1204 610; x_wconf 77' lang='lat' dir='ltr'><strong>metaphysievm</strong></span> <span class='ocrx_word' id='word_1_16' title='bbox 1233 532 1274 591; x_wconf 86' lang='lat' dir='ltr'><strong>od</strong></span> <span class='ocrx_word' id='word_1_17' title='bbox 1292 551 1349 592; x_wconf 82' lang='lat' dir='ltr'><strong>ao·</strong></span> 
     </span>
     <span class='ocr_line' id='line_1_4' title="bbox 237 612 1348 694; baseline 0 -20"><span class='ocrx_word' id='word_1_18' title='bbox 237 615 374 678; x_wconf 78' lang='lat' dir='ltr'><strong>teutatem</strong></span> <span class='ocrx_word' id='word_1_19' title='bbox 395 617 530 694; x_wconf 75' lang='lat' dir='ltr'><strong>refertur,</strong></span> <span class='ocrx_word' id='word_1_20' title='bbox 552 617 687 677; x_wconf 88' lang='lat' dir='ltr'><strong>sauctitas</strong></span> <span class='ocrx_word' id='word_1_21' title='bbox 707 615 775 676; x_wconf 91' lang='lat' dir='ltr'><strong>inde</strong></span> <span class='ocrx_word' id='word_1_22' title='bbox 797 615 928 694; x_wconf 80' lang='lat' dir='ltr'><strong>emergit.</strong></span> <span class='ocrx_word' id='word_1_23' title='bbox 949 612 1064 675; x_wconf 88' lang='lat' dir='ltr'><strong>Bonum</strong></span> <span class='ocrx_word' id='word_1_24' title='bbox 1083 614 1149 673; x_wconf 92' lang='lat' dir='ltr'><strong>ideo</strong></span> <span class='ocrx_word' id='word_1_25' title='bbox 1171 613 1218 674; x_wconf 91' lang='lat' dir='ltr'><strong>vel</strong></span> <span class='ocrx_word' id='word_1_26' title='bbox 1239 613 1348 693; x_wconf 89' lang='lat' dir='ltr'><strong>benig·</strong></span> 
     </span>
     <span class='ocr_line' id='line_1_5' title="bbox 238 696 1348 779; baseline 0 -21"><span class='ocrx_word' id='word_1_27' title='bbox 238 715 308 759; x_wconf 93' lang='lat' dir='ltr'><strong>num</strong></span> <span class='ocrx_word' id='word_1_28' title='bbox 331 697 378 760; x_wconf 88' lang='lat' dir='ltr'><strong>vel</strong></span> <span class='ocrx_word' id='word_1_29' title='bbox 401 704 532 759; x_wconf 89' lang='lat' dir='ltr'><strong>sanctum</strong></span> <span class='ocrx_word' id='word_1_30' title='bbox 555 699 725 776; x_wconf 83' lang='lat' dir='ltr'><strong>(virtutibus</strong></span> <span class='ocrx_word' id='word_1_31' title='bbox 756 696 931 779; x_wconf 79' lang='lat' dir='ltr'><strong>praeditum)</strong></span> <span class='ocrx_word' id='word_1_32' title='bbox 964 700 1148 758; x_wconf 80' lang='lat' dir='ltr'><strong>nominamus</strong></span> <span class='ocrx_word' id='word_1_33' title='bbox 1178 700 1209 756; x_wconf 92' lang='lat' dir='ltr'><strong>et</strong></span> <span class='ocrx_word' id='word_1_34' title='bbox 1237 698 1277 758; x_wconf 90' lang='lat' dir='ltr'><strong>ita</strong></span> <span class='ocrx_word' id='word_1_35' title='bbox 1305 716 1348 758; x_wconf 85' lang='lat' dir='ltr'><strong>ex</strong></span> 
     </span>
     <span class='ocr_line' id='line_1_6' title="bbox 236 780 1348 860; baseline -0.002 -17"><span class='ocrx_word' id='word_1_36' title='bbox 236 784 341 843; x_wconf 92' lang='lat' dir='ltr'><strong>eodem</strong></span> <span class='ocrx_word' id='word_1_37' title='bbox 362 780 441 842; x_wconf 82' lang='lat' dir='ltr'><strong>tonte</strong></span> <span class='ocrx_word' id='word_1_38' title='bbox 462 782 659 860; x_wconf 72' lang='lat' dir='ltr'><strong>metaphysica</strong></span> <span class='ocrx_word' id='word_1_39' title='bbox 680 785 710 842; x_wconf 89' lang='lat' dir='ltr'><strong>et</strong></span> <span class='ocrx_word' id='word_1_40' title='bbox 730 798 860 841; x_wconf 88' lang='lat' dir='ltr'><strong>amorem</strong></span> <span class='ocrx_word' id='word_1_41' title='bbox 882 784 911 840; x_wconf 93' lang='lat' dir='ltr'><strong>et</strong></span> <span class='ocrx_word' id='word_1_42' title='bbox 932 783 1112 840; x_wconf 79' lang='lat' dir='ltr'><strong>sanctitatem</strong></span> <span class='ocrx_word' id='word_1_43' title='bbox 1134 780 1206 858; x_wconf 94' lang='lat' dir='ltr'><strong>(vid.</strong></span> <span class='ocrx_word' id='word_1_44' title='bbox 1219 787 1246 853; x_wconf 58' lang='grc' dir='ltr'><strong>ς.</strong></span> <span class='ocrx_word' id='word_1_45' title='bbox 1259 798 1348 858; x_wconf 92' lang='lat' dir='ltr'><strong>prae-</strong></span> 
     </span>
     <span class='ocr_line' id='line_1_7' title="bbox 235 863 1346 948; baseline -0.002 -22"><span class='ocrx_word' id='word_1_46' title='bbox 235 863 311 948; x_wconf 87' lang='lat' dir='ltr'><strong>ced.)</strong></span> <span class='ocrx_word' id='word_1_47' title='bbox 344 864 529 926; x_wconf 83' lang='lat' dir='ltr'><strong>deduximus.</strong></span> <span class='ocrx_word' id='word_1_48' title='bbox 574 863 702 926; x_wconf 79' lang='lat' dir='ltr'><strong>Ulterius</strong></span> <span class='ocrx_word' id='word_1_49' title='bbox 733 865 867 943; x_wconf 82' lang='lat' dir='ltr'><strong>progredi</strong></span> <span class='ocrx_word' id='word_1_50' title='bbox 897 881 954 924; x_wconf 92' lang='lat' dir='ltr'><strong>uon</strong></span> <span class='ocrx_word' id='word_1_51' title='bbox 984 864 1059 933; x_wconf 88' lang='lat' dir='ltr'><strong>licet,</strong></span> <span class='ocrx_word' id='word_1_52' title='bbox 1091 881 1187 939; x_wconf 89' lang='lat' dir='ltr'><strong>neque</strong></span> <span class='ocrx_word' id='word_1_53' title='bbox 1217 864 1346 924; x_wconf 87' lang='lat' dir='ltr'><strong>verbum</strong></span> 
     </span>
     <span class='ocr_line' id='line_1_8' title="bbox 238 944 1347 1027; baseline -0.003 -19"><span class='ocrx_word' id='word_1_54' title='bbox 238 966 335 1026; x_wconf 91' lang='lat' dir='ltr'><strong>neque</strong></span> <span class='ocrx_word' id='word_1_55' title='bbox 356 947 490 1025; x_wconf 81' lang='lat' dir='ltr'><strong>cogitatio</strong></span> <span class='ocrx_word' id='word_1_56' title='bbox 512 948 678 1021; x_wconf 90' lang='lat' dir='ltr'><strong>invenitur,</strong></span> <span class='ocrx_word' id='word_1_57' title='bbox 700 948 806 1027; x_wconf 88' lang='lat' dir='ltr'><strong>quibus</strong></span> <span class='ocrx_word' id='word_1_58' title='bbox 827 945 953 1023; x_wconf 87' lang='lat' dir='ltr'><strong>amplius</strong></span> <span class='ocrx_word' id='word_1_59' title='bbox 984 964 1047 1006; x_wconf 92' lang='lat' dir='ltr'><strong>rem</strong></span> <span class='ocrx_word' id='word_1_60' title='bbox 1079 944 1226 1021; x_wconf 86' lang='lat' dir='ltr'><strong>explicare</strong></span> <span class='ocrx_word' id='word_1_61' title='bbox 1248 948 1347 1024; x_wconf 88' lang='lat' dir='ltr'><strong>possi-</strong></span> 
     </span>
     <span class='ocr_line' id='line_1_9' title="bbox 237 1028 1347 1110; baseline -0.004 -18"><span class='ocrx_word' id='word_1_62' title='bbox 237 1049 315 1092; x_wconf 88' lang='lat' dir='ltr'><strong>mus.</strong></span> <span class='ocrx_word' id='word_1_63' title='bbox 358 1029 388 1091; x_wconf 91' lang='lat' dir='ltr'><strong>Si</strong></span> <span class='ocrx_word' id='word_1_64' title='bbox 410 1030 590 1106; x_wconf 85' lang='lat' dir='ltr'><strong>invenimus,</strong></span> <span class='ocrx_word' id='word_1_65' title='bbox 612 1036 646 1092; x_wconf 91' lang='lat' dir='ltr'><strong>ut</strong></span> <span class='ocrx_word' id='word_1_66' title='bbox 666 1036 755 1110; x_wconf 90' lang='lat' dir='ltr'><strong>puto,</strong></span> <span class='ocrx_word' id='word_1_67' title='bbox 777 1031 928 1102; x_wconf 88' lang='lat' dir='ltr'><strong>notitiam,</strong></span> <span class='ocrx_word' id='word_1_68' title='bbox 950 1047 1013 1090; x_wconf 92' lang='lat' dir='ltr'><strong>rem</strong></span> <span class='ocrx_word' id='word_1_69' title='bbox 1036 1032 1164 1090; x_wconf 89' lang='lat' dir='ltr'><strong>nostram</strong></span> <span class='ocrx_word' id='word_1_70' title='bbox 1187 1028 1260 1090; x_wconf 91' lang='lat' dir='ltr'><strong>bene</strong></span> <span class='ocrx_word' id='word_1_71' title='bbox 1281 1029 1347 1107; x_wconf 89' lang='lat' dir='ltr'><strong>egi·</strong></span> 
     </span>
     <span class='ocr_line' id='line_1_10' title="bbox 234 1110 1345 1192; baseline -0.002 -18"><span class='ocrx_word' id='word_1_72' title='bbox 234 1131 319 1184; x_wconf 89' lang='lat' dir='ltr'><strong>mus;</strong></span> <span class='ocrx_word' id='word_1_73' title='bbox 341 1114 386 1172; x_wconf 87' lang='lat' dir='ltr'><strong>sin</strong></span> <span class='ocrx_word' id='word_1_74' title='bbox 404 1113 510 1186; x_wconf 88' lang='lat' dir='ltr'><strong>minus,</strong></span> <span class='ocrx_word' id='word_1_75' title='bbox 535 1114 694 1178; x_wconf 85' lang='lat' dir='ltr'><strong>infirmitati</strong></span> <span class='ocrx_word' id='word_1_76' title='bbox 716 1115 821 1192; x_wconf 88' lang='lat' dir='ltr'><strong>ingenii</strong></span> <span class='ocrx_word' id='word_1_77' title='bbox 839 1113 1061 1173; x_wconf 87' lang='lat' dir='ltr'><strong>adscribendum</strong></span> <span class='ocrx_word' id='word_1_78' title='bbox 1084 1116 1138 1184; x_wconf 87' lang='lat' dir='ltr'><strong>est,</strong></span> <span class='ocrx_word' id='word_1_79' title='bbox 1159 1110 1241 1190; x_wconf 91' lang='lat' dir='ltr'><strong>cujus</strong></span> <span class='ocrx_word' id='word_1_80' title='bbox 1262 1114 1345 1174; x_wconf 89' lang='lat' dir='ltr'><strong>acies</strong></span> 
     </span>
     <span class='ocr_line' id='line_1_11' title="bbox 237 1195 1346 1274; baseline -0.002 -16"><span class='ocrx_word' id='word_1_81' title='bbox 237 1215 274 1258; x_wconf 92' lang='lat' dir='ltr'><strong>eo</strong></span> <span class='ocrx_word' id='word_1_82' title='bbox 296 1198 387 1274; x_wconf 88' lang='lat' dir='ltr'><strong>magis</strong></span> <span class='ocrx_word' id='word_1_83' title='bbox 408 1197 538 1259; x_wconf 77' lang='lat' dir='ltr'><strong>hebescit</strong></span> <span class='ocrx_word' id='word_1_84' title='bbox 557 1202 587 1258; x_wconf 88' lang='lat' dir='ltr'><strong>et</strong></span> <span class='ocrx_word' id='word_1_85' title='bbox 608 1199 792 1268; x_wconf 81' lang='lat' dir='ltr'><strong>retunditur,</strong></span> <span class='ocrx_word' id='word_1_86' title='bbox 814 1213 873 1274; x_wconf 89' lang='lat' dir='ltr'><strong>quo</strong></span> <span class='ocrx_word' id='word_1_87' title='bbox 895 1196 1017 1274; x_wconf 88' lang='lat' dir='ltr'><strong>propius</strong></span> <span class='ocrx_word' id='word_1_88' title='bbox 1031 1195 1067 1255; x_wconf 90' lang='lat' dir='ltr'><strong>ad</strong></span> <span class='ocrx_word' id='word_1_89' title='bbox 1085 1196 1238 1255; x_wconf 89' lang='lat' dir='ltr'><strong>veritatem</strong></span> <span class='ocrx_word' id='word_1_90' title='bbox 1259 1213 1346 1256; x_wconf 88' lang='lat' dir='ltr'><strong>acce·</strong></span> 
     </span>
     <span class='ocr_line' id='line_1_12' title="bbox 235 1279 1346 1359; baseline -0.001 -19"><span class='ocrx_word' id='word_1_91' title='bbox 235 1280 296 1351; x_wconf 90' lang='lat' dir='ltr'><strong>dit;</strong></span> <span class='ocrx_word' id='word_1_92' title='bbox 317 1280 434 1340; x_wconf 87' lang='lat' dir='ltr'><strong>tandem</strong></span> <span class='ocrx_word' id='word_1_93' title='bbox 455 1287 553 1342; x_wconf 90' lang='lat' dir='ltr'><strong>autem</strong></span> <span class='ocrx_word' id='word_1_94' title='bbox 573 1280 733 1359; x_wconf 88' lang='lat' dir='ltr'><strong>aliquando</strong></span> <span class='ocrx_word' id='word_1_95' title='bbox 754 1285 799 1341; x_wconf 90' lang='lat' dir='ltr'><strong>est</strong></span> <span class='ocrx_word' id='word_1_96' title='bbox 819 1296 836 1339; x_wconf 94' lang='lat' dir='ltr'><strong>a</strong></span> <span class='ocrx_word' id='word_1_97' title='bbox 858 1281 1027 1359; x_wconf 87' lang='lat' dir='ltr'><strong>quaerendo</strong></span> <span class='ocrx_word' id='word_1_98' title='bbox 1047 1279 1266 1358; x_wconf 87' lang='lat' dir='ltr'><strong>quiescendum.</strong></span> <span class='ocrx_word' id='word_1_99' title='bbox 1288 1279 1346 1339; x_wconf 89' lang='lat' dir='ltr'><strong>Est</strong></span> 
     </span>
     <span class='ocr_line' id='line_1_13' title="bbox 235 1361 1346 1441; baseline -0.002 -17"><span class='ocrx_word' id='word_1_100' title='bbox 235 1365 315 1424; x_wconf 92' lang='lat' dir='ltr'><strong>enim</strong></span> <span class='ocrx_word' id='word_1_101' title='bbox 346 1365 481 1426; x_wconf 86' lang='lat' dir='ltr'><strong>sanctitas</strong></span> <span class='ocrx_word' id='word_1_102' title='bbox 509 1367 571 1441; x_wconf 90' lang='lat' dir='ltr'><strong>pari</strong></span> <span class='ocrx_word' id='word_1_103' title='bbox 594 1363 682 1424; x_wconf 92' lang='lat' dir='ltr'><strong>modo</strong></span> <span class='ocrx_word' id='word_1_104' title='bbox 702 1365 846 1426; x_wconf 89' lang='lat' dir='ltr'><strong>terminus</strong></span> <span class='ocrx_word' id='word_1_105' title='bbox 866 1361 1038 1432; x_wconf 85' lang='lat' dir='ltr'><strong>voluntatis,</strong></span> <span class='ocrx_word' id='word_1_106' title='bbox 1064 1363 1105 1422; x_wconf 89' lang='lat' dir='ltr'><strong>uti</strong></span> <span class='ocrx_word' id='word_1_107' title='bbox 1127 1363 1234 1423; x_wconf 86' lang='lat' dir='ltr'><strong>veritas</strong></span> <span class='ocrx_word' id='word_1_108' title='bbox 1257 1362 1346 1422; x_wconf 90' lang='lat' dir='ltr'><strong>intel·</strong></span> 
     </span>
     <span class='ocr_line' id='line_1_14' title="bbox 233 1444 1344 1524; baseline -0.001 -18"><span class='ocrx_word' id='word_1_109' title='bbox 233 1445 346 1520; x_wconf 85' lang='lat' dir='ltr'><strong>lectus;</strong></span> <span class='ocrx_word' id='word_1_110' title='bbox 367 1451 396 1507; x_wconf 91' lang='lat' dir='ltr'><strong>et</strong></span> <span class='ocrx_word' id='word_1_111' title='bbox 418 1451 456 1507; x_wconf 90' lang='lat' dir='ltr'><strong>ita</strong></span> <span class='ocrx_word' id='word_1_112' title='bbox 479 1448 603 1524; x_wconf 85' lang='lat' dir='ltr'><strong>simplex</strong></span> <span class='ocrx_word' id='word_1_113' title='bbox 616 1447 756 1523; x_wconf 89' lang='lat' dir='ltr'><strong>quaedam</strong></span> <span class='ocrx_word' id='word_1_114' title='bbox 779 1447 868 1519; x_wconf 92' lang='lat' dir='ltr'><strong>notio,</strong></span> <span class='ocrx_word' id='word_1_115' title='bbox 884 1463 959 1524; x_wconf 88' lang='lat' dir='ltr'><strong>quae</strong></span> <span class='ocrx_word' id='word_1_116' title='bbox 982 1444 1124 1506; x_wconf 85' lang='lat' dir='ltr'><strong>difficilior</strong></span> <span class='ocrx_word' id='word_1_117' title='bbox 1144 1450 1190 1507; x_wconf 91' lang='lat' dir='ltr'><strong>est</strong></span> <span class='ocrx_word' id='word_1_118' title='bbox 1210 1445 1344 1517; x_wconf 82' lang='lat' dir='ltr'><strong>delinita,</strong></span> 
     </span>
    </p>
   </div>
   <div class='ocr_carea' id='block_1_3' title="bbox 237 1527 1441 1775">
    <p class='ocr_par' dir='ltr' id='par_1_3' title="bbox 237 1527 1441 1775">
     <span class='ocr_line' id='line_1_15' title="bbox 239 1527 1441 1614; baseline -0.002 -24"><span class='ocrx_word' id='word_1_119' title='bbox 239 1547 327 1606; x_wconf 89' lang='lat' dir='ltr'><strong>quam</strong></span> <span class='ocrx_word' id='word_1_120' title='bbox 349 1531 456 1591; x_wconf 87' lang='lat' dir='ltr'><strong>veritas</strong></span> <span class='ocrx_word' id='word_1_121' title='bbox 465 1527 499 1614; x_wconf 84' lang='lat'><strong>¹).</strong></span> <span class='ocrx_word' id='word_1_122' title='bbox 544 1527 682 1611; x_wconf 83' lang='lat' dir='ltr'><strong>(Quidam</strong></span> <span class='ocrx_word' id='word_1_123' title='bbox 704 1534 836 1590; x_wconf 90' lang='lat' dir='ltr'><strong>nostrum</strong></span> <span class='ocrx_word' id='word_1_124' title='bbox 858 1529 909 1590; x_wconf 88' lang='lat' dir='ltr'><strong>has</strong></span> <span class='ocrx_word' id='word_1_125' title='bbox 930 1530 1064 1589; x_wconf 89' lang='lat' dir='ltr'><strong>notiones</strong></span> <span class='ocrx_word' id='word_1_126' title='bbox 1086 1528 1176 1601; x_wconf 87' lang='lat' dir='ltr'><strong>ideas,</strong></span> <span class='ocrx_word' id='word_1_127' title='bbox 1201 1546 1346 1605; x_wconf 88' lang='lat' dir='ltr'><strong>praeeun·</strong></span> <span class='ocrx_word' id='word_1_128' title='bbox 1440 1553 1441 1606; x_wconf 54' lang='lat'>3</span> 
     </span>
     <span class='ocr_line' id='line_1_16' title="bbox 237 1611 1441 1692; baseline -0.002 -19"><span class='ocrx_word' id='word_1_129' title='bbox 237 1613 314 1674; x_wconf 91' lang='lat' dir='ltr'><strong>tibus</strong></span> <span class='ocrx_word' id='word_1_130' title='bbox 336 1614 441 1690; x_wconf 86' lang='lat' dir='ltr'><strong>priscis</strong></span> <span class='ocrx_word' id='word_1_131' title='bbox 462 1612 663 1692; x_wconf 87' lang='lat' dir='ltr'><strong>philosophis,</strong></span> <span class='ocrx_word' id='word_1_132' title='bbox 691 1616 803 1674; x_wconf 88' lang='lat' dir='ltr'><strong>innatas</strong></span> <span class='ocrx_word' id='word_1_133' title='bbox 824 1619 854 1673; x_wconf 92' lang='lat' dir='ltr'><strong>et</strong></span> <span class='ocrx_word' id='word_1_134' title='bbox 875 1613 983 1672; x_wconf 90' lang='lat' dir='ltr'><strong>ducunt</strong></span> <span class='ocrx_word' id='word_1_135' title='bbox 1004 1616 1034 1672; x_wconf 90' lang='lat' dir='ltr'><strong>et</strong></span> <span class='ocrx_word' id='word_1_136' title='bbox 1054 1613 1222 1686; x_wconf 80' lang='lat' dir='ltr'><strong>nominant.)</strong></span> <span class='ocrx_word' id='word_1_137' title='bbox 1265 1611 1343 1672; x_wconf 86' lang='lat' dir='ltr'><strong>Nam</strong></span> <span class='ocrx_word' id='word_1_138' title='bbox 1440 1633 1441 1644; x_wconf 54' lang='lat'>¹</span> 
     </span>
     <span class='ocr_line' id='line_1_17' title="bbox 237 1693 1441 1775; baseline 0.002 -20"><span class='ocrx_word' id='word_1_139' title='bbox 237 1713 313 1775; x_wconf 88' lang='lat' dir='ltr'><strong>quae</strong></span> <span class='ocrx_word' id='word_1_140' title='bbox 335 1697 371 1756; x_wconf 89' lang='lat' dir='ltr'><strong>ad</strong></span> <span class='ocrx_word' id='word_1_141' title='bbox 393 1695 572 1757; x_wconf 89' lang='lat' dir='ltr'><strong>intellectum</strong></span> <span class='ocrx_word' id='word_1_142' title='bbox 593 1701 733 1775; x_wconf 88' lang='lat' dir='ltr'><strong>spectant,</strong></span> <span class='ocrx_word' id='word_1_143' title='bbox 756 1694 868 1756; x_wconf 79' lang='lat' dir='ltr'><strong>facilius</strong></span> <span class='ocrx_word' id='word_1_144' title='bbox 880 1694 1041 1773; x_wconf 82' lang='lat' dir='ltr'><strong>intelligere</strong></span> <span class='ocrx_word' id='word_1_145' title='bbox 1062 1699 1092 1754; x_wconf 91' lang='lat' dir='ltr'><strong>et</strong></span> <span class='ocrx_word' id='word_1_146' title='bbox 1113 1693 1258 1773; x_wconf 87' lang='lat' dir='ltr'><strong>explicare</strong></span> <span class='ocrx_word' id='word_1_147' title='bbox 1274 1713 1344 1773; x_wconf 88' lang='lat' dir='ltr'><strong>pos·</strong></span> <span class='ocrx_word' id='word_1_148' title='bbox 1440 1695 1441 1763; x_wconf 60' lang='lat' dir='ltr'><strong>l</strong></span> 
     </span>
    </p>
   </div>
   <div class='ocr_carea' id='block_1_4' title="bbox 207 1776 1431 3525">
    <p class='ocr_par' dir='ltr' id='par_1_4' title="bbox 234 1776 1342 2024">
     <span class='ocr_line' id='line_1_18' title="bbox 235 1776 1342 1859; baseline -0.002 -21"><span class='ocrx_word' id='word_1_149' title='bbox 235 1795 357 1854; x_wconf 89' lang='lat' dir='ltr'><strong>sumus,</strong></span> <span class='ocrx_word' id='word_1_150' title='bbox 379 1797 491 1859; x_wconf 88' lang='lat' dir='ltr'><strong>quam,</strong></span> <span class='ocrx_word' id='word_1_151' title='bbox 514 1797 590 1858; x_wconf 92' lang='lat' dir='ltr'><strong>quae</strong></span> <span class='ocrx_word' id='word_1_152' title='bbox 610 1780 657 1841; x_wconf 91' lang='lat' dir='ltr'><strong>vel</strong></span> <span class='ocrx_word' id='word_1_153' title='bbox 688 1780 717 1839; x_wconf 91' lang='lat' dir='ltr'><strong>iu</strong></span> <span class='ocrx_word' id='word_1_154' title='bbox 741 1781 836 1840; x_wconf 90' lang='lat' dir='ltr'><strong>anima</strong></span> <span class='ocrx_word' id='word_1_155' title='bbox 868 1777 916 1840; x_wconf 91' lang='lat' dir='ltr'><strong>vel</strong></span> <span class='ocrx_word' id='word_1_156' title='bbox 937 1779 966 1838; x_wconf 94' lang='lat' dir='ltr'><strong>in</strong></span> <span class='ocrx_word' id='word_1_157' title='bbox 1002 1776 1148 1839; x_wconf 88' lang='lat' dir='ltr'><strong>voluntate</strong></span> <span class='ocrx_word' id='word_1_158' title='bbox 1179 1783 1342 1840; x_wconf 87' lang='lat' dir='ltr'><strong>versantur.</strong></span> 
     </span>
     <span class='ocr_line' id='line_1_19' title="bbox 235 1860 1341 1941; baseline -0.002 -17"><span class='ocrx_word' id='word_1_159' title='bbox 235 1860 380 1924; x_wconf 78' lang='lat' dir='ltr'><strong>Septimus</strong></span> <span class='ocrx_word' id='word_1_160' title='bbox 409 1866 463 1924; x_wconf 89' lang='lat' dir='ltr'><strong>ista</strong></span> <span class='ocrx_word' id='word_1_161' title='bbox 484 1863 619 1941; x_wconf 90' lang='lat' dir='ltr'><strong>quidem,</strong></span> <span class='ocrx_word' id='word_1_162' title='bbox 653 1863 693 1924; x_wconf 86' lang='lat' dir='ltr'><strong>ita</strong></span> <span class='ocrx_word' id='word_1_163' title='bbox 714 1866 748 1922; x_wconf 91' lang='lat' dir='ltr'><strong>ut</strong></span> <span class='ocrx_word' id='word_1_164' title='bbox 768 1879 785 1922; x_wconf 90' lang='lat' dir='ltr'><strong>a</strong></span> <span class='ocrx_word' id='word_1_165' title='bbox 806 1862 928 1922; x_wconf 86' lang='lat' dir='ltr'><strong>caeteris</strong></span> <span class='ocrx_word' id='word_1_166' title='bbox 951 1862 1085 1922; x_wconf 90' lang='lat' dir='ltr'><strong>omnibns</strong></span> <span class='ocrx_word' id='word_1_167' title='bbox 1106 1862 1341 1941; x_wconf 87' lang='lat' dir='ltr'><strong>perceptionibus</strong></span> 
     </span>
     <span class='ocr_line' id='line_1_20' title="bbox 234 1943 1286 2024; baseline -0.002 -15"><span class='ocrx_word' id='word_1_168' title='bbox 234 1946 399 2009; x_wconf 90' lang='lat' dir='ltr'><strong>discernere</strong></span> <span class='ocrx_word' id='word_1_169' title='bbox 420 1949 575 2024; x_wconf 87' lang='lat' dir='ltr'><strong>possimus,</strong></span> <span class='ocrx_word' id='word_1_170' title='bbox 598 1964 663 2006; x_wconf 89' lang='lat' dir='ltr'><strong>raro</strong></span> <span class='ocrx_word' id='word_1_171' title='bbox 685 1950 781 2006; x_wconf 91' lang='lat' dir='ltr'><strong>autem</strong></span> <span class='ocrx_word' id='word_1_172' title='bbox 803 1951 936 2006; x_wconf 88' lang='lat' dir='ltr'><strong>accurate</strong></span> <span class='ocrx_word' id='word_1_173' title='bbox 957 1943 1096 2006; x_wconf 86' lang='lat' dir='ltr'><strong>evolvere</strong></span> <span class='ocrx_word' id='word_1_174' title='bbox 1117 1962 1286 2022; x_wconf 89' lang='lat' dir='ltr'><strong>possumus.</strong></span> 
     </span>
    </p>

    <p class='ocr_par' dir='ltr' id='par_1_5' title="bbox 207 2027 1431 3356">
     <span class='ocr_line' id='line_1_21' title="bbox 318 2027 1342 2106; baseline -0.001 -15"><span class='ocrx_word' id='word_1_175' title='bbox 318 2030 353 2091; x_wconf 86' lang='lat' dir='ltr'><strong>V.</strong></span> <span class='ocrx_word' id='word_1_176' title='bbox 377 2028 421 2089; x_wconf 90' lang='lat' dir='ltr'><strong>Ne</strong></span> <span class='ocrx_word' id='word_1_177' title='bbox 442 2047 513 2090; x_wconf 89' lang='lat' dir='ltr'><strong>vero</strong></span> <span class='ocrx_word' id='word_1_178' title='bbox 542 2031 578 2090; x_wconf 94' lang='lat' dir='ltr'><strong>de</strong></span> <span class='ocrx_word' id='word_1_179' title='bbox 610 2030 697 2090; x_wconf 93' lang='lat' dir='ltr'><strong>modo</strong></span> <span class='ocrx_word' id='word_1_180' title='bbox 719 2029 876 2101; x_wconf 87' lang='lat' dir='ltr'><strong>sileamus,</strong></span> <span class='ocrx_word' id='word_1_181' title='bbox 908 2045 967 2106; x_wconf 89' lang='lat' dir='ltr'><strong>quo</strong></span> <span class='ocrx_word' id='word_1_182' title='bbox 988 2027 1130 2089; x_wconf 88' lang='lat' dir='ltr'><strong>Sanctitas</strong></span> <span class='ocrx_word' id='word_1_183' title='bbox 1150 2028 1234 2090; x_wconf 92' lang='lat' dir='ltr'><strong>nobis</strong></span> <span class='ocrx_word' id='word_1_184' title='bbox 1256 2032 1342 2090; x_wconf 94' lang='lat' dir='ltr'><strong>inno·</strong></span> 
     </span>
     <span class='ocr_line' id='line_1_22' title="bbox 234 2109 1343 2192; baseline -0.001 -19"><span class='ocrx_word' id='word_1_185' title='bbox 234 2111 336 2173; x_wconf 83' lang='lat' dir='ltr'><strong>tescit:</strong></span> <span class='ocrx_word' id='word_1_186' title='bbox 359 2115 538 2181; x_wconf 87' lang='lat' dir='ltr'><strong>conscientia,</strong></span> <span class='ocrx_word' id='word_1_187' title='bbox 561 2130 636 2192; x_wconf 89' lang='lat' dir='ltr'><strong>quae</strong></span> <span class='ocrx_word' id='word_1_188' title='bbox 659 2115 720 2183; x_wconf 87' lang='lat' dir='ltr'><strong>est,</strong></span> <span class='ocrx_word' id='word_1_189' title='bbox 742 2113 833 2172; x_wconf 82' lang='lat' dir='ltr'><strong>utile</strong></span> <span class='ocrx_word' id='word_1_190' title='bbox 854 2111 957 2184; x_wconf 90' lang='lat' dir='ltr'><strong>dicam,</strong></span> <span class='ocrx_word' id='word_1_191' title='bbox 980 2109 1066 2192; x_wconf 77' lang='grc' dir='ltr'><em>ἀκμὴ</em></span> <span class='ocrx_word' id='word_1_192' title='bbox 1088 2110 1213 2190; x_wconf 90' lang='lat' dir='ltr'><strong>Spiritus</strong></span> <span class='ocrx_word' id='word_1_193' title='bbox 1234 2117 1265 2174; x_wconf 89' lang='lat' dir='ltr'><strong>et</strong></span> <span class='ocrx_word' id='word_1_194' title='bbox 1286 2113 1343 2173; x_wconf 88' lang='lat' dir='ltr'><strong>Vo·</strong></span> 
     </span>
     <span class='ocr_line' id='line_1_23' title="bbox 233 2191 1342 2279; baseline 0 -23"><span class='ocrx_word' id='word_1_195' title='bbox 233 2194 362 2269; x_wconf 90' lang='lat' dir='ltr'><strong>luntatis,</strong></span> <span class='ocrx_word' id='word_1_196' title='bbox 383 2198 430 2256; x_wconf 91' lang='lat' dir='ltr'><strong>cui</strong></span> <span class='ocrx_word' id='word_1_197' title='bbox 451 2195 531 2256; x_wconf 88' lang='lat' dir='ltr'><strong>Deus</strong></span> <span class='ocrx_word' id='word_1_198' title='bbox 553 2196 630 2274; x_wconf 90' lang='lat' dir='ltr'><strong>leges</strong></span> <span class='ocrx_word' id='word_1_199' title='bbox 652 2213 719 2256; x_wconf 88' lang='lat' dir='ltr'><strong>suas</strong></span> <span class='ocrx_word' id='word_1_200' title='bbox 741 2193 937 2256; x_wconf 89' lang='lat' dir='ltr'><strong>sanctissimas</strong></span> <span class='ocrx_word' id='word_1_201' title='bbox 959 2195 1106 2273; x_wconf 88' lang='lat' dir='ltr'><strong>impressit</strong></span> <span class='ocrx_word' id='word_1_202' title='bbox 1116 2191 1162 2279; x_wconf 84' lang='lat'><strong>²),</strong></span> <span class='ocrx_word' id='word_1_203' title='bbox 1185 2213 1251 2256; x_wconf 87' lang='lat' dir='ltr'><strong>eam</strong></span> <span class='ocrx_word' id='word_1_204' title='bbox 1273 2212 1342 2272; x_wconf 88' lang='lat' dir='ltr'><strong>per·</strong></span> 
     </span>
     <span class='ocr_line' id='line_1_24' title="bbox 236 2276 1342 2357; baseline 0 -19"><span class='ocrx_word' id='word_1_205' title='bbox 236 2278 372 2356; x_wconf 85' lang='lat' dir='ltr'><strong>cipimus.</strong></span> <span class='ocrx_word' id='word_1_206' title='bbox 414 2277 526 2356; x_wconf 78' lang='lat' dir='ltr'><strong>Vulgus</strong></span> <span class='ocrx_word' id='word_1_207' title='bbox 554 2297 657 2340; x_wconf 90' lang='lat' dir='ltr'><strong>vocem</strong></span> <span class='ocrx_word' id='word_1_208' title='bbox 679 2279 732 2339; x_wconf 88' lang='lat' dir='ltr'><strong>Dei</strong></span> <span class='ocrx_word' id='word_1_209' title='bbox 754 2280 959 2339; x_wconf 88' lang='lat' dir='ltr'><strong>conscientiam</strong></span> <span class='ocrx_word' id='word_1_210' title='bbox 993 2276 1135 2355; x_wconf 92' lang='lat' dir='ltr'><strong>appellat,</strong></span> <span class='ocrx_word' id='word_1_211' title='bbox 1170 2297 1265 2357; x_wconf 90' lang='lat' dir='ltr'><strong>neque</strong></span> <span class='ocrx_word' id='word_1_212' title='bbox 1286 2281 1342 2338; x_wconf 93' lang='lat' dir='ltr'><strong>im-</strong></span> 
     </span>
     <span class='ocr_line' id='line_1_25' title="bbox 233 2361 1341 2440; baseline -0.001 -18"><span class='ocrx_word' id='word_1_213' title='bbox 233 2361 359 2435; x_wconf 88' lang='lat' dir='ltr'><strong>merito;</strong></span> <span class='ocrx_word' id='word_1_214' title='bbox 392 2363 526 2440; x_wconf 89' lang='lat' dir='ltr'><strong>quamvis</strong></span> <span class='ocrx_word' id='word_1_215' title='bbox 554 2362 633 2422; x_wconf 89' lang='lat' dir='ltr'><strong>enim</strong></span> <span class='ocrx_word' id='word_1_216' title='bbox 662 2361 742 2422; x_wconf 88' lang='lat' dir='ltr'><strong>Deus</strong></span> <span class='ocrx_word' id='word_1_217' title='bbox 764 2365 884 2421; x_wconf 88' lang='lat' dir='ltr'><strong>naturae</strong></span> <span class='ocrx_word' id='word_1_218' title='bbox 906 2365 1020 2423; x_wconf 88' lang='lat' dir='ltr'><strong>nostrae</strong></span> <span class='ocrx_word' id='word_1_219' title='bbox 1053 2361 1131 2438; x_wconf 86' lang='lat' dir='ltr'><strong>leges</strong></span> <span class='ocrx_word' id='word_1_220' title='bbox 1152 2361 1191 2422; x_wconf 90' lang='lat' dir='ltr'><strong>ita</strong></span> <span class='ocrx_word' id='word_1_221' title='bbox 1213 2363 1341 2438; x_wconf 87' lang='lat' dir='ltr'><strong>insculp-</strong></span> 
     </span>
     <span class='ocr_line' id='line_1_26' title="bbox 233 2443 1339 2524; baseline -0.001 -18"><span class='ocrx_word' id='word_1_222' title='bbox 233 2446 323 2518; x_wconf 89' lang='lat' dir='ltr'><strong>serit,</strong></span> <span class='ocrx_word' id='word_1_223' title='bbox 353 2450 386 2506; x_wconf 89' lang='lat' dir='ltr'><strong>ut</strong></span> <span class='ocrx_word' id='word_1_224' title='bbox 407 2447 431 2506; x_wconf 89' lang='lat' dir='ltr'><strong>si</strong></span> <span class='ocrx_word' id='word_1_225' title='bbox 453 2463 502 2506; x_wconf 89' lang='lat' dir='ltr'><strong>eas</strong></span> <span class='ocrx_word' id='word_1_226' title='bbox 525 2443 613 2506; x_wconf 91' lang='lat' dir='ltr'><strong>homo</strong></span> <span class='ocrx_word' id='word_1_227' title='bbox 635 2446 787 2524; x_wconf 83' lang='lat' dir='ltr'><strong>spreverit,</strong></span> <span class='ocrx_word' id='word_1_228' title='bbox 810 2461 975 2505; x_wconf 89' lang='lat' dir='ltr'><strong>moerorem</strong></span> <span class='ocrx_word' id='word_1_229' title='bbox 995 2448 1025 2503; x_wconf 90' lang='lat' dir='ltr'><strong>et</strong></span> <span class='ocrx_word' id='word_1_230' title='bbox 1045 2445 1219 2506; x_wconf 85' lang='lat' dir='ltr'><strong>auxietatem</strong></span> <span class='ocrx_word' id='word_1_231' title='bbox 1240 2447 1339 2505; x_wconf 90' lang='lat' dir='ltr'><strong>incur-</strong></span> 
     </span>
     <span class='ocr_line' id='line_1_27' title="bbox 233 2526 1335 2606; baseline 0 -17"><span class='ocrx_word' id='word_1_232' title='bbox 233 2532 286 2600; x_wconf 86' lang='lat' dir='ltr'><strong>rat,</strong></span> <span class='ocrx_word' id='word_1_233' title='bbox 309 2529 334 2588; x_wconf 90' lang='lat' dir='ltr'><strong>si</strong></span> <span class='ocrx_word' id='word_1_234' title='bbox 356 2533 473 2589; x_wconf 90' lang='lat' dir='ltr'><strong>secutus</strong></span> <span class='ocrx_word' id='word_1_235' title='bbox 494 2526 590 2600; x_wconf 88' lang='lat' dir='ltr'><strong>luerit,</strong></span> <span class='ocrx_word' id='word_1_236' title='bbox 612 2527 719 2588; x_wconf 88' lang='lat' dir='ltr'><strong>laetitia</strong></span> <span class='ocrx_word' id='word_1_237' title='bbox 740 2527 868 2600; x_wconf 64' lang='lat' dir='ltr'><strong>leuatum</strong></span> <span class='ocrx_word' id='word_1_238' title='bbox 898 2532 994 2588; x_wconf 89' lang='lat' dir='ltr'><strong>tamen</strong></span> <span class='ocrx_word' id='word_1_239' title='bbox 1017 2527 1095 2588; x_wconf 88' lang='lat' dir='ltr'><strong>Deus</strong></span> <span class='ocrx_word' id='word_1_240' title='bbox 1116 2527 1199 2605; x_wconf 92' lang='lat' dir='ltr'><strong>ipse,</strong></span> <span class='ocrx_word' id='word_1_241' title='bbox 1232 2529 1283 2606; x_wconf 89' lang='lat' dir='ltr'><strong>qui</strong></span> <span class='ocrx_word' id='word_1_242' title='bbox 1305 2531 1335 2589; x_wconf 88' lang='lat' dir='ltr'><strong>in</strong></span> 
     </span>
     <span class='ocr_line' id='line_1_28' title="bbox 234 2609 1337 2694; baseline 0.002 -24"><span class='ocrx_word' id='word_1_243' title='bbox 234 2610 317 2694; x_wconf 87' lang='lat' dir='ltr'><strong>nobis</strong></span> <span class='ocrx_word' id='word_1_244' title='bbox 339 2611 466 2684; x_wconf 89' lang='lat' dir='ltr'><strong>habitat,</strong></span> <span class='ocrx_word' id='word_1_245' title='bbox 498 2613 703 2672; x_wconf 88' lang='lat' dir='ltr'><strong>conscientiam</strong></span> <span class='ocrx_word' id='word_1_246' title='bbox 724 2610 771 2672; x_wconf 89' lang='lat' dir='ltr'><strong>vel</strong></span> <span class='ocrx_word' id='word_1_247' title='bbox 794 2613 969 2687; x_wconf 90' lang='lat' dir='ltr'><strong>compescit,</strong></span> <span class='ocrx_word' id='word_1_248' title='bbox 998 2609 1045 2670; x_wconf 90' lang='lat' dir='ltr'><strong>vel</strong></span> <span class='ocrx_word' id='word_1_249' title='bbox 1066 2613 1209 2688; x_wconf 87' lang='lat' dir='ltr'><strong>exagitat,</strong></span> <span class='ocrx_word' id='word_1_250' title='bbox 1245 2616 1278 2672; x_wconf 91' lang='lat' dir='ltr'><strong>nt</strong></span> <span class='ocrx_word' id='word_1_251' title='bbox 1299 2613 1337 2674; x_wconf 90' lang='lat' dir='ltr'><strong>sit</strong></span> 
     </span>
     <span class='ocr_line' id='line_1_29' title="bbox 233 2692 1431 2772; baseline 0 -18"><span class='ocrx_word' id='word_1_252' title='bbox 233 2698 371 2772; x_wconf 89' lang='lat' dir='ltr'><strong>tauquam</strong></span> <span class='ocrx_word' id='word_1_253' title='bbox 394 2711 538 2772; x_wconf 87' lang='lat' dir='ltr'><strong>organon,</strong></span> <span class='ocrx_word' id='word_1_254' title='bbox 561 2713 619 2772; x_wconf 87' lang='lat' dir='ltr'><strong>quo</strong></span> <span class='ocrx_word' id='word_1_255' title='bbox 641 2695 678 2755; x_wconf 91' lang='lat' dir='ltr'><strong>ad</strong></span> <span class='ocrx_word' id='word_1_256' title='bbox 699 2692 914 2772; x_wconf 86' lang='lat' dir='ltr'><strong>significandam</strong></span> <span class='ocrx_word' id='word_1_257' title='bbox 936 2692 1018 2755; x_wconf 89' lang='lat' dir='ltr'><strong>nobis</strong></span> <span class='ocrx_word' id='word_1_258' title='bbox 1048 2693 1336 2755; x_wconf 89' lang='lat' dir='ltr'><strong>suamvoluntatem</strong></span> <span class='ocrx_word' id='word_1_259' title='bbox 1429 2727 1431 2732; x_wconf 38' lang='lat' dir='ltr'>s</span> 
     </span>
     <span class='ocr_line' id='line_1_30' title="bbox 232 2773 1338 2859; baseline 0 -21"><span class='ocrx_word' id='word_1_260' title='bbox 232 2778 324 2838; x_wconf 90' lang='lat' dir='ltr'><strong>utitur</strong></span> <span class='ocrx_word' id='word_1_261' title='bbox 336 2773 371 2859; x_wconf 73' lang='lat'><strong>³).</strong></span> <span class='ocrx_word' id='word_1_262' title='bbox 416 2776 567 2840; x_wconf 90' lang='lat' dir='ltr'><strong>intellectu</strong></span> <span class='ocrx_word' id='word_1_263' title='bbox 589 2779 676 2856; x_wconf 90' lang='lat' dir='ltr'><strong>igitur</strong></span> <span class='ocrx_word' id='word_1_264' title='bbox 697 2779 767 2838; x_wconf 93' lang='lat' dir='ltr'><strong>dum</strong></span> <span class='ocrx_word' id='word_1_265' title='bbox 781 2777 877 2837; x_wconf 88' lang='lat' dir='ltr'><strong>Deum</strong></span> <span class='ocrx_word' id='word_1_266' title='bbox 894 2776 958 2838; x_wconf 79' lang='lat' dir='ltr'><strong>esse</strong></span> <span class='ocrx_word' id='word_1_267' title='bbox 975 2783 1004 2839; x_wconf 89' lang='lat' dir='ltr'><strong>el</strong></span> <span class='ocrx_word' id='word_1_268' title='bbox 1020 2775 1160 2852; x_wconf 87' lang='lat' dir='ltr'><strong>Spiritum</strong></span> <span class='ocrx_word' id='word_1_269' title='bbox 1182 2795 1246 2838; x_wconf 89' lang='lat' dir='ltr'><strong>esse</strong></span> <span class='ocrx_word' id='word_1_270' title='bbox 1268 2797 1338 2856; x_wconf 84' lang='lat' dir='ltr'><strong>cog-</strong></span> 
     </span>
     <span class='ocr_line' id='line_1_31' title="bbox 233 2859 1336 2939; baseline 0 -17"><span class='ocrx_word' id='word_1_271' title='bbox 233 2863 398 2934; x_wconf 88' lang='lat' dir='ltr'><strong>noscimus,</strong></span> <span class='ocrx_word' id='word_1_272' title='bbox 426 2861 601 2922; x_wconf 89' lang='lat' dir='ltr'><strong>conscientia</strong></span> <span class='ocrx_word' id='word_1_273' title='bbox 631 2865 763 2922; x_wconf 89' lang='lat' dir='ltr'><strong>sanctum</strong></span> <span class='ocrx_word' id='word_1_274' title='bbox 791 2876 855 2920; x_wconf 90' lang='lat' dir='ltr'><strong>esse</strong></span> <span class='ocrx_word' id='word_1_275' title='bbox 885 2861 955 2921; x_wconf 88' lang='lat' dir='ltr'><strong>certi</strong></span> <span class='ocrx_word' id='word_1_276' title='bbox 984 2859 1154 2933; x_wconf 87' lang='lat' dir='ltr'><strong>reddimur,</strong></span> <span class='ocrx_word' id='word_1_277' title='bbox 1183 2865 1271 2939; x_wconf 85' lang='lat' dir='ltr'><strong>atquc</strong></span> <span class='ocrx_word' id='word_1_278' title='bbox 1300 2877 1336 2922; x_wconf 90' lang='lat' dir='ltr'><strong>ea</strong></span> 
     </span>
     <span class='ocr_line' id='line_1_32' title="bbox 233 2942 1338 3024; baseline -0.001 -20"><span class='ocrx_word' id='word_1_279' title='bbox 233 2946 351 3023; x_wconf 91' lang='lat' dir='ltr'><strong>quidem</strong></span> <span class='ocrx_word' id='word_1_280' title='bbox 380 2946 567 3019; x_wconf 90' lang='lat' dir='ltr'><strong>certitudine,</strong></span> <span class='ocrx_word' id='word_1_281' title='bbox 590 2961 664 3024; x_wconf 86' lang='lat' dir='ltr'><strong>quae</strong></span> <span class='ocrx_word' id='word_1_282' title='bbox 685 2945 828 3004; x_wconf 89' lang='lat' dir='ltr'><strong>evidentis</strong></span> <span class='ocrx_word' id='word_1_283' title='bbox 850 2960 865 3004; x_wconf 90' lang='lat' dir='ltr'><strong>a</strong></span> <span class='ocrx_word' id='word_1_284' title='bbox 888 2943 988 3004; x_wconf 89' lang='lat' dir='ltr'><strong>multis</strong></span> <span class='ocrx_word' id='word_1_285' title='bbox 1009 2942 1190 3021; x_wconf 88' lang='lat' dir='ltr'><strong>appellatur,</strong></span> <span class='ocrx_word' id='word_1_286' title='bbox 1212 2963 1271 3004; x_wconf 91' lang='lat' dir='ltr'><strong>non</strong></span> <span class='ocrx_word' id='word_1_287' title='bbox 1291 2961 1338 3004; x_wconf 87' lang='lat' dir='ltr'><strong>ra·</strong></span> 
     </span>
     <span class='ocr_line' id='line_1_33' title="bbox 233 3024 1337 3108; baseline -0.001 -20"><span class='ocrx_word' id='word_1_288' title='bbox 233 3029 463 3094; x_wconf 88' lang='lat' dir='ltr'><strong>tiocinationibus</strong></span> <span class='ocrx_word' id='word_1_289' title='bbox 476 3029 590 3101; x_wconf 88' lang='lat' dir='ltr'><strong>elleota,</strong></span> <span class='ocrx_word' id='word_1_290' title='bbox 613 3028 664 3089; x_wconf 87' lang='lat' dir='ltr'><strong>sed</strong></span> <span class='ocrx_word' id='word_1_291' title='bbox 676 3027 842 3087; x_wconf 87' lang='lat' dir='ltr'><strong>immediata</strong></span> <span class='ocrx_word' id='word_1_292' title='bbox 857 3029 1040 3105; x_wconf 89' lang='lat' dir='ltr'><strong>perceptione</strong></span> <span class='ocrx_word' id='word_1_293' title='bbox 1059 3024 1238 3108; x_wconf 81' lang='lat' dir='ltr'><strong>(experimur</strong></span> <span class='ocrx_word' id='word_1_294' title='bbox 1259 3029 1337 3088; x_wconf 91' lang='lat' dir='ltr'><strong>enim</strong></span> 
     </span>
     <span class='ocr_line' id='line_1_34' title="bbox 232 3108 1336 3196; baseline -0.003 -23"><span class='ocrx_word' id='word_1_295' title='bbox 232 3110 327 3173; x_wconf 91' lang='lat' dir='ltr'><strong>Deum</strong></span> <span class='ocrx_word' id='word_1_296' title='bbox 349 3108 511 3196; x_wconf 83' lang='lat' dir='ltr'><strong>sanctum),</strong></span> <span class='ocrx_word' id='word_1_297' title='bbox 534 3113 580 3172; x_wconf 90' lang='lat' dir='ltr'><strong>oui</strong></span> <span class='ocrx_word' id='word_1_298' title='bbox 602 3109 764 3172; x_wconf 88' lang='lat' dir='ltr'><strong>intellectus</strong></span> <span class='ocrx_word' id='word_1_299' title='bbox 786 3108 844 3170; x_wconf 84' lang='lat' dir='ltr'><strong>tide</strong></span> <span class='ocrx_word' id='word_1_300' title='bbox 872 3111 1050 3171; x_wconf 86' lang='lat' dir='ltr'><strong>illuminatus</strong></span> <span class='ocrx_word' id='word_1_301' title='bbox 1072 3113 1224 3172; x_wconf 83' lang='lat' dir='ltr'><strong>succurrit.</strong></span> <span class='ocrx_word' id='word_1_302' title='bbox 1268 3109 1336 3172; x_wconf 88' lang='lat' dir='ltr'><strong>Cla·</strong></span> 
     </span>
     <span class='ocr_line' id='line_1_35' title="bbox 207 3193 1334 3274; baseline -0.001 -19"><span class='ocrx_word' id='word_1_303' title='bbox 207 3196 294 3274; x_wconf 25' lang='lat' dir='ltr'><strong>*rius</strong></span> <span class='ocrx_word' id='word_1_304' title='bbox 315 3195 368 3256; x_wconf 88' lang='lat' dir='ltr'><strong>hac</strong></span> <span class='ocrx_word' id='word_1_305' title='bbox 393 3196 624 3274; x_wconf 87' lang='lat' dir='ltr'><strong>appercepticne,</strong></span> <span class='ocrx_word' id='word_1_306' title='bbox 646 3195 717 3273; x_wconf 93' lang='lat' dir='ltr'><strong>quid</strong></span> <span class='ocrx_word' id='word_1_307' title='bbox 737 3194 775 3254; x_wconf 92' lang='lat' dir='ltr'><strong>sit</strong></span> <span class='ocrx_word' id='word_1_308' title='bbox 788 3196 931 3268; x_wconf 89' lang='lat' dir='ltr'><strong>sanctitas,</strong></span> <span class='ocrx_word' id='word_1_309' title='bbox 953 3196 1114 3269; x_wconf 89' lang='lat' dir='ltr'><strong>innotescit,</strong></span> <span class='ocrx_word' id='word_1_310' title='bbox 1136 3212 1225 3274; x_wconf 86' lang='lat' dir='ltr'><strong>quam</strong></span> <span class='ocrx_word' id='word_1_311' title='bbox 1247 3193 1334 3272; x_wconf 87' lang='lat' dir='ltr'><strong>longa</strong></span> 
     </span>
     <span class='ocr_line' id='line_1_36' title="bbox 235 3277 624 3356; baseline 0.003 -17"><span class='ocrx_word' id='word_1_312' title='bbox 235 3281 265 3339; x_wconf 90' lang='lat' dir='ltr'><strong>et</strong></span> <span class='ocrx_word' id='word_1_313' title='bbox 287 3278 395 3339; x_wconf 86' lang='lat' dir='ltr'><strong>difficili</strong></span> <span class='ocrx_word' id='word_1_314' title='bbox 418 3277 624 3356; x_wconf 89' lang='lat' dir='ltr'><strong>speculatione.</strong></span> 
     </span>
    </p>

    <p class='ocr_par' dir='ltr' id='par_1_6' title="bbox 232 3359 1338 3525">
     <span class='ocr_line' id='line_1_37' title="bbox 315 3359 1338 3439; baseline -0.003 -16"><span class='ocrx_word' id='word_1_315' title='bbox 315 3362 366 3424; x_wconf 86' lang='lat' dir='ltr'><strong>Vl.</strong></span> <span class='ocrx_word' id='word_1_316' title='bbox 388 3361 529 3438; x_wconf 88' lang='lat' dir='ltr'><strong>Quamvis</strong></span> <span class='ocrx_word' id='word_1_317' title='bbox 558 3364 691 3422; x_wconf 88' lang='lat' dir='ltr'><strong>sanctitas</strong></span> <span class='ocrx_word' id='word_1_318' title='bbox 713 3360 784 3421; x_wconf 87' lang='lat' dir='ltr'><strong>haec</strong></span> <span class='ocrx_word' id='word_1_319' title='bbox 804 3362 867 3438; x_wconf 88' lang='lat' dir='ltr'><strong>ipsa</strong></span> <span class='ocrx_word' id='word_1_320' title='bbox 890 3378 1038 3439; x_wconf 89' lang='lat' dir='ltr'><strong>nunqnam</strong></span> <span class='ocrx_word' id='word_1_321' title='bbox 1060 3361 1089 3421; x_wconf 93' lang='lat' dir='ltr'><strong>in</strong></span> <span class='ocrx_word' id='word_1_322' title='bbox 1111 3359 1174 3422; x_wconf 91' lang='lat' dir='ltr'><strong>Deo</strong></span> <span class='ocrx_word' id='word_1_323' title='bbox 1196 3363 1338 3434; x_wconf 91' lang='lat' dir='ltr'><strong>mutetur,</strong></span> 
     </span>
     <span class='ocr_line' id='line_1_38' title="bbox 232 3444 1338 3525; baseline -0.001 -18"><span class='ocrx_word' id='word_1_324' title='bbox 232 3445 285 3507; x_wconf 84' lang='lat' dir='ltr'><strong>aed</strong></span> <span class='ocrx_word' id='word_1_325' title='bbox 306 3461 423 3524; x_wconf 90' lang='lat' dir='ltr'><strong>semper</strong></span> <span class='ocrx_word' id='word_1_326' title='bbox 444 3446 539 3525; x_wconf 90' lang='lat' dir='ltr'><strong>quoad</strong></span> <span class='ocrx_word' id='word_1_327' title='bbox 562 3444 657 3506; x_wconf 91' lang='lat' dir='ltr'><strong>Deum</strong></span> <span class='ocrx_word' id='word_1_328' title='bbox 679 3446 781 3506; x_wconf 90' lang='lat' dir='ltr'><strong>eadem</strong></span> <span class='ocrx_word' id='word_1_329' title='bbox 796 3445 843 3518; x_wconf 86' lang='lat' dir='ltr'><strong>sit,</strong></span> <span class='ocrx_word' id='word_1_330' title='bbox 861 3447 1062 3524; x_wconf 88' lang='lat' dir='ltr'><strong>tamenprout</strong></span> <span class='ocrx_word' id='word_1_331' title='bbox 1079 3463 1133 3507; x_wconf 90' lang='lat' dir='ltr'><strong>nos</strong></span> <span class='ocrx_word' id='word_1_332' title='bbox 1154 3444 1201 3506; x_wconf 91' lang='lat' dir='ltr'><strong>vel</strong></span> <span class='ocrx_word' id='word_1_333' title='bbox 1223 3445 1252 3504; x_wconf 92' lang='lat' dir='ltr'><strong>in</strong></span> <span class='ocrx_word' id='word_1_334' title='bbox 1275 3461 1338 3506; x_wconf 91' lang='lat' dir='ltr'><strong>me-</strong></span> 
     </span>
    </p>
   </div>
   <div class='ocr_carea' id='block_1_5' title="bbox 269 3640 1338 3720">
    <p class='ocr_par' dir='ltr' id='par_1_7' title="bbox 269 3640 1338 3720">
     <span class='ocr_line' id='line_1_39' title="bbox 269 3640 1338 3720; baseline 0.006 -16"><span class='ocrx_word' id='word_1_335' title='bbox 269 3651 482 3720; x_wconf 65' lang='lat' dir='ltr'><strong>musquetum</strong></span> <span class='ocrx_word' id='word_1_336' title='bbox 505 3655 646 3708; x_wconf 88' lang='lat' dir='ltr'><strong>bonitatem</strong></span> <span class='ocrx_word' id='word_1_337' title='bbox 659 3655 798 3705; x_wconf 79' lang='lat' dir='ltr'><strong>veritatem</strong></span> <span class='ocrx_word' id='word_1_338' title='bbox 819 3655 965 3706; x_wconf 80' lang='lat' dir='ltr'><strong>volontatis</strong></span> <span class='ocrx_word' id='word_1_339' title='bbox 985 3653 1094 3713; x_wconf 82' lang='lat' dir='ltr'><strong>dixeris,</strong></span> <span class='ocrx_word' id='word_1_340' title='bbox 1120 3640 1338 3719; x_wconf 85' lang='lat' dir='ltr'><strong>quemadmodum</strong></span> 
     </span>
    </p>
   </div>
   <div class='ocr_carea' id='block_1_6' title="bbox 232 3743 1338 4432">
    <p class='ocr_par' dir='ltr' id='par_1_8' title="bbox 232 3743 1338 3902">
     <span class='ocr_line' id='line_1_40' title="bbox 232 3743 1338 3821; baseline 0.01 -20"><span class='ocrx_word' id='word_1_341' title='bbox 232 3749 368 3804; x_wconf 89' lang='lat' dir='ltr'><strong>veritatem</strong></span> <span class='ocrx_word' id='word_1_342' title='bbox 382 3750 527 3802; x_wconf 76' lang='lat' dir='ltr'><strong>bonitatem</strong></span> <span class='ocrx_word' id='word_1_343' title='bbox 538 3753 691 3806; x_wconf 90' lang='lat' dir='ltr'><strong>intellectus.</strong></span> <span class='ocrx_word' id='word_1_344' title='bbox 729 3745 891 3808; x_wconf 74' lang='grc' dir='ltr'>δικαιοσύνην</span> <span class='ocrx_word' id='word_1_345' title='bbox 915 3758 940 3803; x_wconf 89' lang='lat' dir='ltr'><strong>et</strong></span> <span class='ocrx_word' id='word_1_346' title='bbox 951 3743 1072 3808; x_wconf 58' lang='lat' dir='ltr'><strong>dinisius</strong></span> <span class='ocrx_word' id='word_1_347' title='bbox 1087 3753 1113 3804; x_wconf 91' lang='lat' dir='ltr'><strong>S.</strong></span> <span class='ocrx_word' id='word_1_348' title='bbox 1132 3753 1264 3821; x_wconf 87' lang='lat' dir='ltr'><strong>Scriptura</strong></span> <span class='ocrx_word' id='word_1_349' title='bbox 1281 3772 1338 3812; x_wconf 90' lang='lat' dir='ltr'><strong>sae·</strong></span> 
     </span>
     <span class='ocr_line' id='line_1_41' title="bbox 235 3835 497 3902; baseline 0.008 -16"><span class='ocrx_word' id='word_1_350' title='bbox 235 3835 345 3898; x_wconf 89' lang='lat' dir='ltr'><strong>pissime</strong></span> <span class='ocrx_word' id='word_1_351' title='bbox 356 3838 497 3902; x_wconf 85' lang='lat' dir='ltr'><strong>conjungit.</strong></span> 
     </span>
    </p>

    <p class='ocr_par' dir='ltr' id='par_1_9' title="bbox 275 3920 585 3982">
     <span class='ocr_line' id='line_1_42' title="bbox 275 3920 585 3982; baseline 0.019 -12"><span class='ocrx_word' id='word_1_352' title='bbox 275 3920 302 3982; x_wconf 69' lang='lat'><strong>2)</strong></span> <span class='ocrx_word' id='word_1_353' title='bbox 323 3924 397 3972; x_wconf 80' lang='lat' dir='ltr'><strong>Rern.</strong></span> <span class='ocrx_word' id='word_1_354' title='bbox 415 3922 451 3981; x_wconf 91' lang='lat'><strong>11,</strong></span> <span class='ocrx_word' id='word_1_355' title='bbox 472 3922 585 3977; x_wconf 70' lang='lat' dir='ltr'><strong>alt-16.</strong></span> 
     </span>
    </p>

    <p class='ocr_par' dir='ltr' id='par_1_10' title="bbox 233 4005 1338 4432">
     <span class='ocr_line' id='line_1_43' title="bbox 272 4005 1338 4079; baseline 0.009 -17"><span class='ocrx_word' id='word_1_356' title='bbox 272 4005 299 4068; x_wconf 84' lang='grc'><strong>3)</strong></span> <span class='ocrx_word' id='word_1_357' title='bbox 319 4007 450 4060; x_wconf 75' lang='lat' dir='ltr'><strong>{livinitus</strong></span> <span class='ocrx_word' id='word_1_358' title='bbox 465 4013 586 4076; x_wconf 81' lang='lat' dir='ltr'><strong>arguitur,</strong></span> <span class='ocrx_word' id='word_1_359' title='bbox 605 4013 708 4076; x_wconf 84' lang='lat' dir='ltr'><strong>quando</strong></span> <span class='ocrx_word' id='word_1_360' title='bbox 727 4014 813 4066; x_wconf 92' lang='lat' dir='ltr'><strong>divina</strong></span> <span class='ocrx_word' id='word_1_361' title='bbox 825 4015 1053 4079; x_wconf 83' lang='lat' dir='ltr'><strong>inspirationajam</strong></span> <span class='ocrx_word' id='word_1_362' title='bbox 1065 4024 1149 4069; x_wconf 89' lang='lat' dir='ltr'><strong>tactus</strong></span> <span class='ocrx_word' id='word_1_363' title='bbox 1159 4017 1260 4074; x_wconf 89' lang='lat' dir='ltr'><strong>animus</strong></span> <span class='ocrx_word' id='word_1_364' title='bbox 1273 4032 1338 4072; x_wconf 90' lang='lat' dir='ltr'><strong>con·</strong></span> 
     </span>
     <span class='ocr_line' id='line_1_44' title="bbox 234 4080 1338 4170; baseline 0.012 -24"><span class='ocrx_word' id='word_1_365' title='bbox 234 4095 359 4146; x_wconf 87' lang='lat' dir='ltr'><strong>scientiae</strong></span> <span class='ocrx_word' id='word_1_366' title='bbox 375 4080 492 4158; x_wconf 73' lang='lat' dir='ltr'><strong>proptiae</strong></span> <span class='ocrx_word' id='word_1_367' title='bbox 511 4101 674 4153; x_wconf 89' lang='lat' dir='ltr'><strong>accusatione</strong></span> <span class='ocrx_word' id='word_1_368' title='bbox 688 4102 859 4158; x_wconf 87' lang='lat' dir='ltr'><strong>contunditur,</strong></span> <span class='ocrx_word' id='word_1_369' title='bbox 878 4104 988 4164; x_wconf 82' lang='lat' dir='ltr'><strong>etquasi</strong></span> <span class='ocrx_word' id='word_1_370' title='bbox 1004 4110 1092 4155; x_wconf 88' lang='lat' dir='ltr'><strong>contra</strong></span> <span class='ocrx_word' id='word_1_371' title='bbox 1107 4105 1197 4156; x_wconf 85' lang='lat' dir='ltr'><strong>taciem</strong></span> <span class='ocrx_word' id='word_1_372' title='bbox 1209 4108 1338 4170; x_wconf 88' lang='lat' dir='ltr'><strong>propriam</strong></span> 
     </span>
     <span class='ocr_line' id='line_1_45' title="bbox 233 4180 1338 4260; baseline 0.014 -31"><span class='ocrx_word' id='word_1_373' title='bbox 233 4180 431 4260; x_wconf 83' lang='lat' dir='ltr'><strong>praevaricatrix</strong></span> <span class='ocrx_word' id='word_1_374' title='bbox 445 4185 529 4236; x_wconf 90' lang='lat' dir='ltr'><strong>anima</strong></span> <span class='ocrx_word' id='word_1_375' title='bbox 542 4189 670 4246; x_wconf 86' lang='lat' dir='ltr'><strong>statuitur,</strong></span> <span class='ocrx_word' id='word_1_376' title='bbox 678 4188 814 4251; x_wconf 82' lang='lat' dir='ltr'><strong>quandoln</strong></span> <span class='ocrx_word' id='word_1_377' title='bbox 824 4188 953 4240; x_wconf 74' lang='lat' dir='ltr'><strong>foeditatis</strong></span> <span class='ocrx_word' id='word_1_378' title='bbox 966 4201 1028 4241; x_wconf 87' lang='lat' dir='ltr'><strong>suae</strong></span> <span class='ocrx_word' id='word_1_379' title='bbox 1038 4190 1243 4244; x_wconf 87' lang='lat' dir='ltr'><strong>consideratione</strong></span> <span class='ocrx_word' id='word_1_380' title='bbox 1252 4201 1338 4246; x_wconf 88' lang='lat' dir='ltr'><strong>contra</strong></span> 
     </span>
     <span class='ocr_line' id='line_1_46' title="bbox 234 4269 1338 4350; baseline 0.01 -26"><span class='ocrx_word' id='word_1_381' title='bbox 234 4269 403 4332; x_wconf 85' lang='lat' dir='ltr'><strong>semetipsum</strong></span> <span class='ocrx_word' id='word_1_382' title='bbox 415 4283 461 4333; x_wconf 91' lang='lat' dir='ltr'><strong>per</strong></span> <span class='ocrx_word' id='word_1_383' title='bbox 470 4272 672 4346; x_wconf 83' lang='lat' dir='ltr'><strong>increpationem</strong></span> <span class='ocrx_word' id='word_1_384' title='bbox 691 4276 787 4328; x_wconf 87' lang='lat' dir='ltr'><strong>servire</strong></span> <span class='ocrx_word' id='word_1_385' title='bbox 797 4276 904 4328; x_wconf 88' lang='lat' dir='ltr'><strong>ridetur.</strong></span> <span class='ocrx_word' id='word_1_386' title='bbox 920 4279 1045 4330; x_wconf 72' lang='lat' dir='ltr'><strong>illelom.</strong></span> <span class='ocrx_word' id='word_1_387' title='bbox 1057 4277 1110 4350; x_wconf 67' lang='grc' dir='ltr'><strong>αδ.</strong></span> <span class='ocrx_word' id='word_1_388' title='bbox 1125 4279 1220 4334; x_wconf 75' lang='lat' dir='ltr'><strong>Victor.</strong></span> <span class='ocrx_word' id='word_1_389' title='bbox 1239 4281 1271 4334; x_wconf 90' lang='lat' dir='ltr'><strong>de</strong></span> <span class='ocrx_word' id='word_1_390' title='bbox 1283 4293 1338 4334; x_wconf 89' lang='lat' dir='ltr'><strong>eru·</strong></span> 
     </span>
     <span class='ocr_line' id='line_1_47' title="bbox 234 4357 1095 4432; baseline 0.015 -26"><span class='ocrx_word' id='word_1_391' title='bbox 234 4365 412 4418; x_wconf 68' lang='lat' dir='ltr'><strong>dje,1nterior.</strong></span> <span class='ocrx_word' id='word_1_392' title='bbox 430 4357 507 4410; x_wconf 84' lang='lat' dir='ltr'><strong>hom..</strong></span> <span class='ocrx_word' id='word_1_393' title='bbox 518 4372 542 4412; x_wconf 88' lang='lat' dir='ltr'><strong>c.</strong></span> <span class='ocrx_word' id='word_1_394' title='bbox 560 4361 649 4414; x_wconf 77' lang='lat' dir='ltr'><strong>xxii.</strong></span> <span class='ocrx_word' id='word_1_395' title='bbox 669 4375 693 4426; x_wconf 90' lang='lat' dir='ltr'><strong>p.</strong></span> <span class='ocrx_word' id='word_1_396' title='bbox 713 4360 756 4415; x_wconf 83' lang='lat' dir='ltr'><strong>oa.</strong></span> <span class='ocrx_word' id='word_1_397' title='bbox 775 4363 804 4415; x_wconf 85' lang='lat' dir='ltr'><strong>P.</strong></span> <span class='ocrx_word' id='word_1_398' title='bbox 822 4363 843 4414; x_wconf 93' lang='lat'><strong>1.</strong></span> <span class='ocrx_word' id='word_1_399' title='bbox 863 4362 913 4428; x_wconf 80' lang='lat' dir='ltr'><strong>(ed,</strong></span> <span class='ocrx_word' id='word_1_400' title='bbox 931 4365 1095 4432; x_wconf 69' lang='lat' dir='ltr'><strong>notiones.)</strong></span> 
     </span>
    </p>
   </div>
   <div class='ocr_carea' id='block_1_7' title="bbox 0 0 1460 4936">
    <p class='ocr_par' dir='ltr' id='par_1_11' title="bbox 0 0 1460 4936">
     <span class='ocr_line' id='line_1_48' title="bbox 0 0 1460 4936; baseline 0 0"><span class='ocrx_word' id='word_1_401' title='bbox 0 0 1460 4936; x_wconf 95' lang='lat' dir='ltr'><strong> </strong></span> 
     </span>
    </p>
   </div>
  </div>
 </body>
</html>
