2910 4936
739 230 773 274 lV

282 399 446 493 Aliquibus
483 401 615 470 sortasse
648 402 785 494 quaesita
822 403 912 474 nimis
937 413 968 474 et
993 404 1082 474 altius
1109 407 1203 498 petita
1228 406 1306 478 baec

209 498 348 594 quaestio
375 498 536 570 videbitur.
588 499 707 570 Verum
733 501 786 571 ubi
817 501 949 596 primum
975 503 1140 574 ferventius
1165 505 1205 575 de
1231 506 1306 599 Spi-

207 599 269 672 ritu
294 608 400 670 sancto
427 597 466 670 ab
491 598 654 670 haereticis
687 599 836 695 disputari
862 612 895 673 et
919 625 936 674 a
964 602 1106 674 Patribus
1132 604 1248 678 clarius
1273 618 1306 676 et

139 748 145 755 =
179 701 184 708 ’
208 699 377 770 accuratius
403 696 511 768 disseri
538 697 660 792 coepit,
688 700 781 772 etiam
806 701 846 772 de
867 702 1044 774 nominibus
1057 703 1189 798 Spiritus
1207 707 1303 776 sancti

208 799 356 894 quaestio
375 807 422 868 est
456 797 603 870 instituta.
656 799 767 870 Obiter
792 824 810 872 a
835 800 987 898 Dionysio
1012 801 1166 884 delibata,
1201 795 1326 898 parvis'

207 899 278 970 dein
305 896 399 968 initiis
430 919 447 966 o
473 895 608 992 Didymo
634 899 845 972 Alexandrino
878 899 1004 984 educm,
1043 901 1170 974 uberius
1196 927 1214 973 a
1239 905 1304 973 Ba-

207 999 275 1069 silio
310 1007 342 1068 et
375 997 530 1091 Gregorio
567 999 760 1070 Nazianzeno
786 1010 921 1094 ¹tractata
947 1011 1005 1072 est.
1056 1004 1168 1096 Neque
1200 1003 1303 1074 Latini

207 1101 314 1168 Patres
339 1095 477 1168 deluere.
529 1098 615 1167 Inter
650 1121 761 1168 omues
787 1101 820 1170 S.
847 1101 1058 1196 Augustinus,
1100 1101 1226 1172 humilis
1250 1103 1303 1174 ille

208 1207 301 1292 atque
326 1197 496 1289 prolundus
532 1219 637 1268 rerum
671 1197 842 1271 divinarum
869 1210 1039 1282 scrutator,
1078 1202 1176 1272 multa
1200 1201 1240 1272 dc
1264 1226 1301 1272 ea

208 1305 299 1368 acute
319 1305 358 1365 et
383 1296 512 1389 pulchre
545 1296 683 1391 scripsit,
722 1320 816 1392 quam
840 1301 874 1370 S.
899 1299 1085 1370 Ambrosius
1118 1301 1300 1386 antecessit,

208 1399 241 1466 S.
269 1395 452 1489 Fulgentius
479 1405 603 1468 secutus
629 1408 687 1468 est.
739 1396 932 1469 lrruentibus
957 1408 1024 1470 tum
1052 1399 1202 1494 temporis
1228 1401 1303 1472 bar-

207 1495 289 1566 haris
314 1495 435 1566 litterae
469 1495 500 1564 in
527 1496 696 1567 reconditis
720 1497 881 1568 Ecclesiae
907 1498 1004 1593 adytis
1031 1521 1101 1570 sesa
1126 1500 1302 1572 absconde-

206 1605 289 1680 runt,
317 1594 418 1665 donec
432 1595 561 1666 Carolus
574 1597 709 1690 Magnus
735 1619 787 1666 eas
812 1597 843 1666 in
869 1598 1043 1670 Ecclesiam
1061 1608 1093 1670 et
1118 1598 1300 1693 imperium,

206 1695 352 1789 pristinae
377 1694 517 1790 dignitati
543 1695 702 1780 restituta,
738 1695 870 1768 reduxit.
919 1697 1043 1769 Eodem
1068 1708 1210 1793 tempore
1235 1699 1301 1770 dis-

206 1795 324 1889 putatio
348 1793 387 1865 de
414 1793 531 1887 Spiritu
557 1804 664 1866 sancto
689 1795 916 1891 redintegrato3
951 1807 1087 1870 attamen
1113 1822 1216 1893 neque
1240 1801 1300 1868 Al-

205 1896 316 1968 cuinus
341 1903 394 1966 aut
411 1896 624 1977 heobanem,
652 1917 727 1980 nec,
755 1895 807 1988 qui
834 1897 913 1967 inter
931 1899 1068 1968 Graecos
1093 1896 1176 1969 haud
1200 1900 1299 1971 multo

205 2007 275 2088 post
300 2004 405 2065 sancte
438 2017 475 2063 ac
499 1993 619 2064 sortiter
650 2018 717 2065 rem
753 1995 937 2066 catholicam
962 1997 1197 2091 propugnabat,
1231 2000 1299 2069 Da-

207 2117 369 2166 mascenus
396 2095 533 2164 loannes
561 2096 594 2163 S.
619 2094 829 2190 Augustinum
856 2097 902 2167 vel
929 2097 1071 2167 acumine
1096 2097 1143 2166 vel
1170 2098 1299 2190 prolun-

205 2193 300 2264 ditate
335 2204 525 2288 aequarunt,
565 2194 681 2264 nedum
720 2205 913 2288 superarunt.
965 2195 1139 2267 Undecimo
1173 2196 1298 2268 tandem

205 2295 329 2364 saeculo
356 2303 488 2364 exeunte
514 2317 610 2388 quum
635 2294 715 2364 inter
740 2294 868 2366 Latinos
901 2305 933 2366 et
959 2298 1097 2366 Graecos
1129 2295 1298 2390 lugendum

203 2391 279 2464 illud
304 2393 434 2463 schisma
460 2393 625 2487 repetitum
651 2393 683 2463 in
700 2393 766 2464 dies
791 2405 976 2488 augeretur;
1002 2396 1194 2480 Anselmus,
1221 2399 1298 2468 alter

203 2493 415 2588 Augustinus,
456 2493 585 2587 vestigia
621 2492 833 2587 Hipponensis
866 2494 1003 2589 episcopi
1037 2493 1220 2588 premebat,
1260 2519 1297 2566 ac

202 2594 300 2663 multa
325 2591 403 2663 scitu
428 2590 521 2686 digua
546 2603 654 2664 contra
681 2595 817 2666 Graecos
851 2616 906 2663 ore
941 2604 974 2665 et
1008 2593 1130 2688 scriptis
1155 2595 1297 2689 protulit

202 2691 324 2762 Exinde
350 2701 381 2762 et
407 2691 589 2762 Scholastici
623 2701 655 2762 et
679 2691 798 2787 mystici
831 2693 1012 2787 profundius
1047 2717 1115 2763 rem
1143 2695 1296 2789 explicare

203 2791 457 2863 aemulabantur:
510 2791 663 2877 Thomas,
690 2794 820 2877 Scotus,
847 2794 944 2888 Hugo
971 2803 1003 2864 et
1019 2792 1192 2864 Richardus
1217 2817 1235 2863 a
1261 2795 1311 2894 S.¹
1442 2867 1443 2880 ,

202 2892 349 2975 Victore,
376 2893 593 2963 Bonaventura
618 2902 651 2962 et
674 2891 872 2976 Bernardus,
906 2891 1044 2988 quamvis
1070 2895 1209 2988 prolecto
1234 2893 1296 2964 mi-

201 2992 357 3077 randum,
384 2991 541 3062 neminem
567 3014 678 3063 eorum
702 2991 782 3061 hanc
808 2993 1020 3086 quaestionem
1046 3015 1065 3062 a
1090 2993 1221 3072 caeteris
1246 2991 1296 3061 di-

202 3093 297 3163 visam
323 3101 355 3162 et
379 3091 480 3186 primo
504 3090 656 3185 principio
680 3090 843 3186 repetiisse
868 3102 900 3162 et
925 3101 992 3162 toto
1017 3092 1135 3163 ambitu
1161 3092 1296 3163 circum·

203 3191 361 3286 scripsisse
385 3201 479 3287 atqoe
503 3191 594 3285 plane
619 3191 806 3262 exhausisse.
857 3190 977 3286 Singuli
1002 3191 1124 3286 singula
1148 3193 1294 3274 afferunt,

203 3314 284 3386 quae
309 3290 525 3386 componenda
550 3290 786 3385 posterioribus,
812 3301 847 3361 ut
871 3290 1010 3375 videtur,
1038 3291 1243 3386 reliquerunt.

278 3392 384 3474 Quum
410 3401 517 3462 autem
539 3413 661 3461 morem
687 3413 705 3460 a
731 3389 900 3485 majoribus
925 3391 1146 3484 acceperimus,
1173 3390 1296 3463 studio-

201 3514 271 3561 rum
304 3490 455 3584 primitias
497 3489 610 3560 dilecto
650 3489 741 3560 alicui
783 3489 916 3561 offerre:
956 3512 1107 3586 meusque
1142 3515 1230 3562 amor
1264 3491 1294 3560 in

204 3590 299 3661 coelis
325 3590 382 3674 sit3
417 3600 582 3684 propterea
616 3591 698 3662 hune
723 3588 882 3674 libellum,
923 3605 1017 3686 quem
1042 3614 1100 3684 pro
1126 3588 1295 3662 obtinendo

141 3767 144 3772 f
204 3690 394 3762 Licentiatus
419 3688 518 3785 gradu
551 3690 687 3761 facultati
724 3689 946 3760 illustrissimae
961 3690 1208 3762 Monasteriensi
1235 3689 1296 3761 oh·

204 3790 281 3873 tuli,
307 3791 365 3862 soli
391 3788 521 3884 sapienti
547 3789 637 3876 Deo,
663 3791 749 3884 cujus
775 3811 883 3859 amore
908 3812 987 3884 opus
1013 3787 1181 3884 inceptum,
1208 3791 1294 3884 cujus

205 3888 319 3960 auxilio
344 3891 539 3972 conlectum,
564 3912 622 3983 pro
647 3890 739 3960 tantis
763 3887 943 3974 beneficiis,
978 3889 1090 3984 quibus
1114 3912 1166 3962 me
1192 3889 1297 3986 indig-

205 4012 281 4059 num
306 3990 455 4060 lamulum
480 4012 570 4061 suum
604 4012 661 4084 per
686 3998 785 4061 totam
809 3988 901 4060 vitam
920 3990 1109 4074 cumulavit,
1149 3997 1238 4084 grato
1264 4001 1296 4062 et

205 4088 313 4158 humili
338 4086 441 4161 animo
466 4089 576 4163 donavi
601 4099 695 4184 atque
720 4091 907 4164 consecravi.
935 4089 984 4158 llli
1009 4090 1110 4162 honor
1137 4096 1168 4159 e't
1194 4091 1294 4189 glpria

208 4189 240 4256 in
266 4191 389 4262 saecula
414 4191 636 4262 saeculorum!

248 4315 357 4396 Scripsi
377 4313 576 4379 Padarbornae
598 4316 627 4374 in
649 4315 723 4376 testo
745 4312 797 4376 SS.
819 4315 1022 4394 Apostolorum
1044 4315 1123 4379 Petri
1145 4319 1174 4374 et
1195 4313 1275 4376 Pauli

640 4397 862 4463 nnecnxtn.
