2910 4936
682 225 725 292 35

156 430 272 482 aeterno
292 431 380 482 morte
399 420 529 482 damnata
547 439 664 500 semper
678 426 800 484 moritur
812 423 847 498 ¹).
879 421 1031 498 Quomodo
1053 429 1130 486 enim
1153 429 1249 486 vivere

156 511 266 581 potest,
298 507 346 582 oiri
364 504 403 563 'ab
426 523 461 566 eo
481 509 526 564 est
546 511 712 583 separatus,
741 507 791 584 qui
813 510 908 566 omnis
937 509 1012 567 vitae
1040 508 1247 584 plenitudinem

156 591 184 649 iu
204 607 235 648 se
252 587 412 648 continet‘l.
433 586 571 648 Diabolus
589 588 655 650 licet
669 590 762 660 vivat,
784 608 901 667 semper
915 591 1083 668 desperans,
1106 609 1138 650 se
1154 594 1248 666 ipsum

155 679 185 731 et
204 676 299 732 totum
321 670 421 730 muudi
443 671 573 730 ordinem
597 690 701 750 negans
723 677 752 732 et
773 671 890 733 tollendi
912 674 1029 744 avidus,
1057 693 1135 734 mors
1156 679 1249 735 estet

155 757 281 814 mortem
299 759 433 830 generat;
455 754 613 832 quidenim
631 757 748 816 interest
764 757 837 816 inter
852 756 1034 816 mendacium
1055 761 1084 817 et
1103 758 1250 816 mortem‘t

126 911 128 916 Ι
156 841 218 914 ipsc
249 854 318 896 vero
348 837 470 896 mendax
503 842 564 896 erat
592 843 621 898 et
646 837 788 898 homicida
809 837 844 898 ab
874 840 962 900 initio.
993 841 1177 912 Joan.Vlll,
1201 838 1250 898 bl.

155 923 235 982 Sicut
256 925 354 978 autem
378 919 515 979 Diabolus
536 919 679 996 superbus
708 921 855 982 hominem
877 920 1090 1000 superbientem
1118 923 1251 1000 perduxit

156 1005 190 1062 ed
222 1008 361 1070 mortem,
395 1005 432 1062 ita
455 1001 585 1064 Christus
607 1002 725 1064 humilis
754 1003 901 1064 hominem
928 1004 1109 1064 obedientem
1136 1006 1251 1066 reduxit

156 1087 191 1145 ad
214 1087 311 1146 vitam.
348 1083 422 1156 Quia
448 1089 521 1146 sicut
548 1086 598 1146 ille
626 1087 718 1147 elatus
748 1089 851 1148 cecidit
879 1091 908 1146 et
939 1087 1041 1166 dejecit
1070 1091 1249 1148 consentien-

156 1176 232 1242 tem,
255 1171 295 1228 sic
317 1169 371 1228 iste
394 1166 562 1230 humiliatus
583 1171 741 1230 resurrexit
758 1175 787 1230 et
812 1170 902 1230 erexit
924 1169 1136 1252 credentem²).
1167 1171 1250 1230 llunc

158 1257 190 1312 ut
211 1269 416 1329 cognoscamus
438 1251 600 1323 Christum,
631 1271 717 1330 quem
742 1253 825 1312 l‘ater
847 1255 941 1323 misit,
971 1253 1078 1332 Spiritu
1106 1254 1249 1331 juvamur,

160 1341 192 1394 ut
214 1333 370 1394 habeamus
392 1336 479 1394 vitam
510 1343 671 1394 aeternam:
702 1341 802 1412 potum
825 1337 979 1414 sapientiae
1009 1335 1161 1396 intellectui
1187 1353 1250 1412 preir-

159 1420 239 1496 rigit,
263 1419 387 1478 immittit
408 1421 436 1476 et
458 1420 546 1478 nutrit
568 1417 664 1478 sidem.
706 1417 891 1478 Voluntatem
914 1419 1055 1490 bonitate,
1078 1419 1191 1480 iervore
1212 1421 1248 1476 nl-

158 1503 262 1560 lectum
280 1503 407 1560 nutriens
425 1519 477 1560 nos
495 1503 613 1572 excitat,
636 1507 698 1562 uta
715 1505 838 1578 peccatis
850 1508 876 1560 et
890 1505 969 1560 vanis
986 1501 1181 1578 voluptatibus
1200 1501 1247 1560 ab·

157 1583 309 1644 horrentes
332 1583 423 1642 Deum
447 1582 615 1662 diligamus,
647 1589 733 1661 atque
755 1585 808 1662 ipsi
831 1584 884 1644 soli
908 1587 1076 1644 serviamus.
1120 1586 1250 1662 lienique

156 1684 238 1743 spem
263 1666 400 1739 infundit,
423 1685 496 1745 qnae
509 1665 777 1738 uouconluudltur;
798 1686 850 1745 spe
868 1670 944 1726 enirn
961 1668 1019 1744 jam
1032 1669 1130 1726 salvati
1148 1687 1249 1726 sumus
1310 1687 1315 1696 ·

157 1755 185 1808 et
206 1751 330 1810 vivimus
352 1752 455 1820 vitam,
489 1767 563 1828 quae
593 1768 740 1828 nunquam
769 1752 955 1820 terminatum
987 1769 1051 1810 narn
1073 1755 1250 1810 conversatio

157 1838 251 1892 nostra
275 1834 302 1894 in
325 1833 413 1892 coelis
434 1837 478 1892 est
499 1836 527 1891 et
548 1835 676 1892 omniurn
709 1834 814 1892 virium
846 1835 1001 1893 intentione
1022 1834 1057 1892 ad
1080 1833 1166 1892 iurem
1190 1839 1249 1892 ten·
1272 1827 1278 1846 '

157 1917 271 1987 dimus,
295 1917 404 1986 omnia,
427 1932 502 1994 quae
514 1920 589 1976 retro
600 1921 684 1987 sunt,
707 1916 923 1984 obliviscentes,
946 1918 1150 1978 uteotandem
1171 1917 1249 1976 itlius

156 2017 212 2075 ope
234 1999 383 2058 sustentati
406 1999 623 2075 perveniamuS,
656 1999 703 2058 ubi
726 2002 787 2075 ipse
807 2017 874 2058 cum
898 1999 978 2059 Patre
1000 2003 1028 2058 et
1045 1999 1119 2060 Filio
1140 2001 1249 2059 Sanctis

156 2084 217 2140 srvis
238 2086 282 2142 est
304 2081 353 2140 lua
374 2099 457 2156 vera,
479 2082 593 2142 satietas
615 2080 716 2158 plena,
739 2084 874 2159 gaudium
896 2083 1124 2158 sempiternum,
1144 2083 1248 2160 jucun-

153 2167 228 2223 ditas
249 2170 444 2224 consummata
467 2169 495 2224 et
524 2163 643 2226 felicitas
675 2165 816 2241 perlecta,
848 2169 877 2226 et
907 2171 1055 2226 creaturae
1084 2169 1140 2225 vita
1163 2184 1249 2243 supra

151 2265 269 2308 omnem
293 2249 413 2308 modum
434 2253 463 2307 et
483 2266 599 2307 omnem
621 2248 797 2308 intellectum
819 2248 903 2325 plena
924 2267 956 2307 ac
980 2247 1112 2324 perlecta.

215 2331 250 2390 V.
293 2329 455 2392 Praesentia
479 2349 546 2390 vero
565 2331 688 2407 Spiritus
705 2349 770 2390 raro
793 2331 868 2390 clare
891 2331 1080 2407 dignoscitur,
1102 2333 1154 2392 sed
1177 2333 1250 2392 sicut

151 2418 218 2474 a‘drc
239 2413 404 2474 circumfusi
427 2414 574 2490 degimus,
596 2418 698 2492 atque,
721 2434 757 2474 ne
777 2418 883 2474 tactum
899 2415 1015 2490 quidem
1039 2413 1100 2492 ejus
1122 2417 1247 2474 sentien-

155 2503 215 2564 tes,
239 2498 445 2558 nutrimentum
468 2501 563 2556 tamen
585 2516 620 2556 ex
642 2500 705 2574 ipso
728 2497 894 2568 haurimus,
918 2499 956 2556 ito
978 2501 1062 2556 etiam
1087 2503 1113 2556 in
1138 2498 1248 2574 Spiritu

156 2583 296 2650 vivimus,
319 2598 470 2641 movemur
492 2583 521 2638 et
542 2597 659 2653 surmus,
690 2599 742 2640 neo
764 2598 830 2639 eum
848 2579 953 2638 adesse
969 2583 1177 2658 cognoscimus.
1218 2582 1247 2640 Si

155 2667 250 2722 autem
273 2662 428 2740 aliquando
457 2667 506 2722 aiir
532 2667 702 2739 tempestate
723 2661 925 2739 perturbatur,
948 2667 1034 2739 atque
1057 2668 1175 2735 vontus,
1199 2667 1247 2741 qui

154 2747 275 2805 elidem
291 2748 409 2822 spiritus
423 2745 629 2826 nominatur³),
651 2747 752 2815 oritur,
768 2763 854 2804 sensu
867 2763 933 2804 eum
952 2748 1142 2822 percipientes
1153 2751 1247 2806 ortum

154 2831 328 2906 ignoramus.
371 2827 463 2887 Simili
485 2831 572 2887 modo
587 2829 709 2905 Spiritus
732 2828 778 2887 nbi
799 2828 876 2900 vult,
899 2829 1004 2904 spirat,
1028 2833 1056 2888 et
1071 2846 1171 2902 vocem
1187 2827 1249 2904 ejus

153 2912 255 2984 audis,
276 2911 327 2971 sed
350 2914 455 2980 nescis,
489 2912 564 2970 unde
587 2913 699 2984 veniat,
722 2917 771 2970 aut
793 2928 851 2988 quo
873 2911 957 2970 vadat
977 2912 1059 2971 loan.
1079 2912 1137 2980 lll‚
1159 2909 1187 2968 8.
1211 2917 1247 2970 si-

152 2996 210 3053 cuti
233 2998 319 3054 etiam
340 2995 403 3070 ipsi,
426 2997 474 3072 qui
496 2997 741 3070 comparationem
764 2995 847 3052 istam
871 2997 1000 3064 instituit,
1022 2997 1132 3054 accidit.
1166 2995 1249 3056 Post-¹

153 3095 240 3153 quam
264 3079 340 3136 enirn
353 3078 438 3138 lesus
454 3078 536 3137 Joan.
548 3079 625 3148 Vlll,
651 3077 698 3138 ta.
722 3079 814 3137 lucem
837 3079 936 3135 mundi
959 3095 1023 3136 sese
1044 3076 1247 3153 appellaverat,

154 3159 297 3220 Pharisaei
320 3179 386 3220 curn
412 3164 579 3238 increpant;
602 3161 705 3238 quibus
728 3161 800 3219 lile:
830 3161 938 3232 „Etsi
962 3161 1158 3219 testimonium
1182 3179 1247 3238 per-

153 3242 285 3303 hibeode
299 3246 436 3321 meipso,
457 3261 559 3303 verum
579 3249 622 3303 est
640 3244 836 3303 testimonium
853 3261 968 3314 meum,
992 3247 1056 3319 quia
1080 3244 1148 3314 scio,
1171 3245 1247 3302 unde

154 3328 218 3384 veni
241 3332 269 3387 et
291 3347 348 3405 quo
371 3329 463 3387 vado:
487 3332 651 3387 vosautem
675 3327 806 3396 nescitis,
828 3327 903 3384 unde
921 3327 1001 3384 eonio
1018 3335 1044 3385 et
1066 3345 1120 3404 quo
1142 3328 1246 3385 curlo.“

152 3409 337 3486 Comparatio
358 3429 427 3469 vero
449 3412 525 3468 venti
549 3427 614 3470 curn
637 3409 746 3485 Spiritu
768 3413 866 3468 sancto
888 3407 1022 3468 omnibus
1043 3411 1173 3468 numeris
1194 3408 1244 3468 ab·

151 3493 255 3552 solutu.
300 3493 410 3554 Ventus
432 3493 554 3570 ubique,
576 3497 605 3550 et
626 3492 750 3572 Spiritus
771 3492 878 3570 ubique
889 3492 930 3568 ⁴);
962 3498 1005 3550 est
1027 3492 1182 3560 instabilis,
1207 3493 1245 3550 in·

152 3576 281 3645 visibilis,
304 3575 516 3654 investigabilis,
540 3594 634 3652 neque
655 3575 820 3650 rapiendus,
842 3591 894 3633 nec
910 3576 1091 3634 retinendus:
1115 3592 1245 3632 summae

152 3659 288 3717 libertatis
310 3660 484 3736 symbolum.
529 3657 638 3734 Percipi
661 3659 752 3718 oculis
775 3675 830 3715 non
854 3661 967 3732 potest,
995 3678 1089 3734 neone
1112 3662 1196 3723 tacto,
1220 3661 1241 3716 si

152 3741 243 3802 leuius
256 3744 375 3813 incedit3
402 3743 601 3802 tantummodo
622 3742 755 3812 auribus,
779 3741 893 3816 quando
904 3739 1088 3800 vehementer
1102 3743 1242 3816 irrumpit.

151 3825 250 3894 Venit,
280 3828 386 3884 recedit
408 3826 494 3883 celeri
520 3823 631 3895 volatu,
662 3829 789 3883 mutatur
810 3823 871 3881 sine
894 3823 954 3898 lege
979 3824 1021 3882 vel
1051 3825 1140 3898 ignota
1173 3825 1242 3898 tege.

186 3992 210 4049 t)
231 3993 267 4042 Ct.
287 3991 318 4040 do
337 3991 431 4052 duplici
453 3999 546 4043 morte.
574 3999 759 4051 urrae'mortcm
778 3988 917 4048 percitoris
938 3990 1059 4048 semrinn.
1081 3989 1193 4038 erteuu.
1212 3991 1243 4038 ad

152 4079 257 4125 illorum.
279 4079 319 4125 tih.
336 4079 353 4125 l.
371 4093 391 4126 c.
409 4079 452 4124 Vl.
467 4093 489 4138 p.
506 4077 547 4126 ti.

186 4163 210 4220 ’2)
231 4165 254 4211 S.
273 4166 335 4228 nup.
348 4165 437 4213 Trinit.
454 4166 496 4219 lV,
515 4167 554 4214 ll).

186 4249 211 4300 :ll
231 4251 323 4299 lienes.
343 4251 402 4300 Vll.
425 4252 465 4300 tt.
488 4252 563 4305 Vlll,
587 4253 609 4298 t.
630 4251 671 4297 l‘s.
689 4252 724 4304 X,
743 4250 766 4298 7.
788 4259 808 4297 ut
828 4251 931 4311 passim.

191 4335 212 4389 il
235 4337 336 4396 ltidync.
354 4339 495 4386 Alexandr.
515 4339 544 4384 du
562 4338 656 4397 spirim
673 4337 697 4383 S.
712 4351 733 4382 c.
754 4337 794 4384 Vl.
