2910 4936
658 227 792 308 ’69

214 443 255 519 pit
283 439 447 519 Apostclts,
479 437 516 502 ab
537 435 749 517 Hierosolymis
770 456 807 500 ne
828 437 1027 508 discederent,
1055 440 1109 502 sed
1130 444 1317 517 expectarent

214 525 436 603 promissionem
459 522 558 593 Patris,
581 538 691 599 „quem
715 521 871 595 audistis,“
899 523 1009 601 inquit,
1042 541 1116 600 „per
1136 541 1171 583 os
1193 539 1316 593 mennae

213 609 280 688 qnia
301 609 427 668 loannes
445 605 562 683 quidem
583 603 737 680 baptizavit
757 621 844 682 9999,
864 621 918 668 ros
939 610 1035 666 autem
1050 605 1233 684 baptizamini
1247 605 1317 683 Spi-

214 693 269 751 ritu
292 695 393 751 sancto
410 708 465 748 nnn
485 692 550 764 post
568 687 674 748 multos
693 687 747 747 hos
768 687 861 748 dies.“
903 687 968 748 Act.
989 688 1012 752 1.
1034 688 1126 748 3-6.
1160 689 1221 749 Ν99
1242 705 1317 748 vana

214 771 331 834 Domini
353 775 516 851 promissio,
539 788 634 846 99999
655 771 734 830 irrita
756 770 964 846 Apostolorum
987 773 1170 849 exspectatio.
1202 771 1317 848 liepleti

215 860 292 917 eninr
313 861 380 915 sunt
402 855 448 914 die
470 854 651 913 Pentecosten
672 871 774 914 omnes
794 855 926 930 Apostoli
947 855 1056 930 Spiritu
1077 860 1176 916 sancto
1199 855 1263 916 Act.
1279 854 1317 927 ll,

215 935 265 1013 1.,
292 937 538 1017 quemadmodum
566 937 631 997 Jndl
653 935 697 1006 11,
719 936 771 998 28.
804 955 847 1015 99.
882 939 1070 1015 praedixerat.
1114 938 1198 998 Hand
1232 937 1318 1015 longe

214 1027 280 1102 post
300 1021 403 1082 cecidit
422 1021 546 1096 Spiritus
563 1023 677 1080 sanctus
699 1038 787 1097 super
808 1020 975 1082 Cornelium
997 1027 1026 1082 et
1046 1039 1166 1095 omnes,
1187 1023 1238 1099 qni
1262 1021 1319 1080 Pe·

214 1113 292 1166 trum
313 1103 467 1164 audiebant
488 1105 551 1164 Act
574 1102 614 1175 X,
637 1101 696 1171 lali..
718 1107 792 1164 sicut
812 1104 1063 1182 superApostolos
1087 1105 1166 1164 initio
1189 1103 1318 1177 xl,15.‚
1423 1139 1424 1196 }

215 1189 485 1265 obstupescentibus
513 1207 549 1248 ex
578 1189 795 1248 circumcisione
831 1187 983 1258 lidelibus,
1018 1189 1068 1266 qui
1090 1194 1229 1248 venerant
1251 1206 1318 1248 curn

216 1271 322 1343 Petro,
353 1271 420 1348 qnia
448 1275 478 1331 91
506 1273 535 1331 19
569 1271 699 1329 99119999
729 1271 818 1348 gratia
850 1271 974 1348 Spiritus
1003 1275 1091 1332 sancti
1115 1268 1233 1353 (dupenl
1256 1276 1318 1330 τοῦ

219 1350 319 1433 cipiov¹
337 1350 539 1434 πνεύματος)
563 1352 653 1412 elinsa
676 1356 728 1413 est.
751 1351 819 1412 bb:
842 1353 918 1428 “Qui
941 1371 1011 1414 vero
1032 1355 1114 1416 norit
1134 1355 1222 1415 corda
1240 1356 1318 1414 testi·
1423 1355 1424 1436 i

215 1437 343 1510 monium
367 1436 531 1513 perbibuit,
571 1436 642 1496 dans
667 1435 725 1496 illis
756 1437 895 1512 Spiritum
916 1439 1151 1509 sanctum,‚sicnt
1171 1441 1202 1497 et
1224 1436 1316 1510 nobis,
1423 1437 1424 1470 r

215 1526 244 1580 et
264 1521 333 1580 nihil
353 1521 488 1579 discrevit
510 1522 584 1578 inter
605 1519 805 1590 9999111199,
828 1519 885 1579 lide
896 1520 1047 1597 purificans
1068 1523 1155 1582 corda
1179 1525 1315 1583 eorum.“
1423 1577 1424 1600 ¹

216 1601 278 1662 Act.
298 1603 363 1673 XV,
385 1601 414 1661 8.
437 1603 465 1662 9.
505 1596 543 1661 Ε1
562 1601 704 1680 Apostoli,
726 1603 900 1663 sicutlesns
927 1604 1128 1680 praedixerat,
1159 1623 1217 1664 non
1241 1619 1310 1680 9999
1423 1601 1424 1614 ’

214 1687 391 1754 9919999991
414 1687 523 1762 Spiritu
545 1685 732 1762 baptizabant.
755 1684 829 1746 Cum
852 1687 929 1746 enlm
952 1686 1058 1748 Paulus
1082 1689 1194 1748 veniret
1217 1687 1316 1764 Ephe·
1423 1703 1424 1742 3

214 1787 278 1830 sum
299 1775 328 1829 et
345 1771 489 1832 inveniret
507 1769 647 1846 quosdam
670 1770 837 1846 discipulos,
862 1770 933 1830 dixit
953 1770 989 1830 ad
1023 1789 1096 1832 eos:
1130 1771 1160 1832 Si
1182 1773 1317 1848 spiritum

213 1857 346 1914 sanctum
365 1853 515 1928 accepistis
536 1853 717 1912 credentes?
758 1853 797 1912 At
828 1851 870 1911 illi
892 1854 1045 1914 dixerunt:
1066 1855 1143 1928 Sed,
1177 1872 1274 1931 neque
1294 1853 1318 1914 si

215 1937 341 2012 Spiritus
359 1941 474 1995 sanctus
493 1938 547 2006 est,
569 1936 742 1996 andivimus.
783 1935 836 1996 1119
858 1955 928 1997 vero
943 1937 1003 1996 ait:
1025 1938 1053 1996 in
1075 1955 1135 2016 quo
1156 1955 1226 2014 ergo
1249 1936 1320 2015 bap-

214 2021 290 2079 tizati
320 2020 416 2078 estis?
459 2015 518 2088 Qui
539 2019 674 2078 dixerunt
695 2021 722 2078 in
751 2017 924 2095 baptismate
946 2015 1073 2081 loannis.
1117 2019 1196 2080 Dixit
1220 2023 1317 2080 arrienr
1423 2053 1424 2056 κ

214 2101 341 2162 Paulus:
362 2101 488 2160 loannes
511 2101 1011 2181 baptizavitbaptirmopoenitentine
1030 2104 1181 2182 populum,
1204 2103 1318 2164 dicens:
1423 2161 1424 2164 ,

215 2188 243 2245 19
261 2185 356 2256 Eum,
386 2185 436 2261 991
470 2189 606 2245 venturus
637 2189 681 2244 est
708 2190 773 2264 post
793 2187 909 2262 ipsum,
942 2191 974 2245 ut
1005 2187 1165 2258 crederent,
1187 2185 1244 2246 hoc
1265 2189 1317 2258 est,

214 2264 320 2328 Iesum.
366 2265 418 2327 llis
447 2267 554 2327 auditis
579 2267 713 2344 baptizati
746 2275 812 2328 sunt
837 2272 864 2328 iu
892 2270 1008 2329 nomine
1025 2270 1140 2336 Domini
1159 2268 1237 2329 1999.
1280 2270 1319 2330 111

214 2367 281 2412 cum
301 2351 487 2428 imposuisset
505 2351 561 2410 illis
581 2369 683 2411 manus
702 2351 818 2422 Paulus,
839 2355 918 2411 venit
935 2351 1059 2429 Spiritus
1085 2359 1202 2414 sanctus
1230 2369 1319 2429 super

215 2451 266 2494 eos
290 2439 319 2493 et
334 2434 527 2512 loquebantur
547 2434 650 2512 linguis
668 2443 698 2494 91
713 2434 928 2511 prophetabant.
951 2434 1036 2508 XIX,
1060 2435 1149 2496 1-8.
1187 2435 1317 2495 Discreta

215 2516 270 2577 boc
288 2517 352 2578 loco
368 2521 412 2576 991
429 2519 574 2598 impositio
595 2535 733 2577 mannum
756 2535 772 2577 a
793 2519 973 2594 baptismate,
995 2525 1024 2579 et
1040 2519 1093 2578 ista
1110 2520 1249 2594 Spiritum
1270 2519 1320 2578 da·
1423 2535 1424 2540 ¹

215 2607 277 2661 tum
312 2617 377 2660 esse
401 2601 582 2678 Evangelista
614 2605 736 2661 enarrat.
782 2597 1011 2679 Confirmatiorra's
1032 2602 1118 2678 igitur
1138 2611 1318 2664 sacramento
1423 2671 1424 2674 Ἴ

215 2681 280 2762 lege
301 2684 443 2744 ordinaria
463 2683 587 2761 Spiritus
604 2685 697 2753 datur,
718 2689 750 2744 ut
766 2684 796 2746 S.
817 2685 947 2746 Ecclesia
969 2684 1131 2762 profitetur.
1152 2685 1239 2760 Quod
1254 2686 1318 2760 991-

215 2767 283 2828 dem
300 2767 375 2827 sicut
391 2767 474 2844 plura
495 2769 532 2826 ad
555 2772 679 2828 nostram
702 2785 765 2827 rena
797 2771 952 2844 spectantia
985 2789 1020 2829 ex
1043 2768 1106 2828 Act.
1127 2772 1221 2845 capite
1240 2767 1316 2828 Vlll.

215 2850 351 2927 colligere
374 2851 448 2910 licet.
492 2847 567 2910 Cum
588 2851 664 2910 enim
686 2849 835 2910 audissent
856 2852 1003 2928 Apostoli,
1036 2852 1187 2928 quierant
1214 2851 1319 2913 Hiero·
1423 2853 1424 2924 1

214 2935 351 3012 solymis,
379 2933 456 3011 quod
488 2934 644 3011 recepisset
658 2934 785 2994 Samaria
811 2935 933 2994 verbum
951 2936 1023 3005 Dei,
1047 2937 1187 2996 miserunt
1216 2935 1251 2996 ad
1268 2951 1319 2995 eos
1423 2997 1424 3006 ,

215 3015 332 3078 Petrum
364 3020 393 3076 et
412 3017 563 3076 loannem.
606 3013 662 3090 Qui
685 3035 775 3094 quum
808 3017 963 3090 venissent,
986 3023 1143 3078 oraverunt
1164 3037 1217 3094 pro
1238 3018 1318 3096 ipsis,

217 3105 249 3159 ut
266 3103 427 3175 acciperent
445 3098 583 3174 Spiritum
602 3104 751 3172 sanctnmr
773 3102 901 3161 nondum
923 3106 1001 3162 enim
1033 3104 1062 3161 in
1083 3119 1261 3180 quemquam
1284 3098 1319 3160 il-

216 3179 312 3247 lorum
332 3186 458 3252 venerat,
481 3182 531 3242 sed
552 3175 808 3261 baptizatitantum
831 3189 912 3244 erant
922 3186 951 3244 in
975 3185 1096 3244 nomine
1107 3184 1221 3244 Domini
1238 3181 1320 3244 Jecu.

214 3265 296 3326 Tunc
315 3264 500 3342 imponebant
521 3284 623 3326 manus
632 3283 721 3342 super
729 3266 794 3328 illos
806 3272 835 3326 et
844 3267 1020 3343 accipiebant
1027 3267 1165 3343 Spiritum
1177 3271 1319 3327 sanctum.

216 3347 291 3411 Cum
311 3349 433 3428 ¹uidisset
452 3351 549 3408 autem
567 3349 667 3410 Simon
686 3350 833 3427 (Magus),
856 3351 923 3428 qnia
943 3369 994 3429 per
1011 3351 1226 3426 impositionem
1248 3367 1319 3410 ma-

217 3451 308 3493 nuum
326 3431 532 3506 Apostolorum
554 3434 672 3493 daretur
692 3432 817 3510 Spiritus
829 3437 953 3506 sanctus,
975 3435 1078 3495 obtulit
1094 3436 1137 3494 eis
1156 3435 1319 3511 pecuniam.

216 3515 320 3577 Petrus
336 3518 433 3573 autern
456 3515 526 3574 dixit
548 3517 584 3576 ad
612 3533 697 3575 eum:
729 3515 851 3576 Pecunia
874 3521 922 3577 tua
943 3523 1039 3578 199999
1061 3523 1105 3578 991
1127 3519 1155 3576 19
1178 3517 1318 3595 perditio·

217 3617 294 3670 nem,
318 3597 454 3676 quoniam
484 3599 592 3660 donum
611 3599 665 3658 Dei
697 3595 922 3683 (9191999919
940 3601 1003 3660 τοῦ
1023 3597 1125 3678 Secti)
1148 3599 1318 3660 existimasti

223 3683 374 3760 possideri.

300 3765 345 3824 Ex
367 3762 473 3842 quibus
498 3759 569 3824 locis
589 3763 807 3825 concludimus:

302 3846 329 3906 1.
352 3850 419 3925 post
439 3846 545 3908 Christi
566 3847 684 3908 demum
706 3852 830 3909 mortem
851 3853 881 3909 et
901 3865 1069 3929 ascensum·
1083 3845 1118 3910 in·
1133 3846 1234 3910 coelos
1254 3847 1320 3926 Spi-

219 3929 309 3992 ritum
331 3930 430 3990 datum
446 3949 532 4005 esse,
1155 3943 1160 3954 ⁸

302 4012 333 4071 1.
355 4029 408 4089 per
428 4032 568 4076 manuum
590 4014 812 4092 impositionem,
835 4011 881 4076 vel
903 4013 1152 4076 confirmationem
1168 4014 1197 4076 in
1219 4014 1321 4076 Eccle-

220 4098 261 4159 sia
282 4113 400 4172 semper
419 4096 494 4168 dari,

304 4178 333 4240 3.
355 4183 443 4256 91999
464 4181 503 4240 119
521 4181 591 4252 dari,
614 4187 645 4242 nt
663 4182 695 4240 a'n
717 4181 799 4244 nobis
818 4181 865 4243 sit.

305 4261 379 4324 Nam
400 4262 480 4322 Dens
495 4263 575 4323 dedit
592 4262 731 4340 Spiritum
750 4282 836 4327 suum
847 4270 976 4325 sanctum
994 4266 1025 4324 in
1046 4260 1129 4326 nobis
1142 4263 1200 4347 (εἰς
1225 4263 1319 4344 ἡμᾶς)

222 4345 354 4408 1119999.
377 4343 427 4418 iv,
450 4341 479 4404 8.
523 4341 597 4404 Cum
617 4347 774 4425 benignitas
804 4354 832 4408 et
860 4347 1023 4408 humanitas
1055 4345 1213 4410 Snixatnris
1232 4347 1319 4407 nostri
