2910 4936
750 257 795 328 lo

211 472 274 516 sam
289 459 436 534 quaerunt
456 460 486 516 et
507 454 714 534 magistrorum
736 473 843 518 nornen
868 459 898 516 e't
909 454 1031 533 gloriam
1046 454 1189 534 diliguat,
1205 454 1325 518 'Cruci-

211 536 287 598 fixus
302 541 400 600 autem
422 537 558 600 Christos
581 539 696 615 quaerit
721 538 809 600 tidem
831 544 862 600 et
878 555 1019 611 amorem,
1051 542 1142 601 nteit
1164 538 1248 601 nohis
1264 538 1325 600 Dei

208 622 302 682 uirtus
320 626 349 683 et
365 621 417 681 [lei
434 621 582 698 sapientia.
627 619 673 682 Ne
691 624 758 698 uiris
778 623 856 682 eninr
867 621 1026 699 glorietur,
1048 641 1084 682 ex
1100 641 1152 684 ore
1166 621 1324 684 inlantinm

211 708 240 766 et
253 704 419 767 lactentium
432 705 547 766 laudem
559 721 642 766 suam
659 705 787 782 perlecit.
822 705 854 766 ln
874 703 1000 777 Christo,
1023 707 1052 766 in
1070 723 1129 783 quo
1144 709 1240 768 omnis
1258 706 1325 783 ple·

210 788 310 848 niludo
321 786 503 861 Divinitatis,
525 788 612 850 etiam
623 789 729 850 amoris
747 788 836 849 divini
854 787 1049 850 characterem
1066 789 1228 850 clarissime
1250 806 1325 865 per·

208 874 367 948 spicimus‚
400 875 429 932 et
455 868 594 947 prolecto,
616 873 670 932 nisi
693 889 742 932 me
759 874 941 950 propositum
963 875 1093 949 urgeret,
1126 871 1323 932 libentissime

209 952 420 1033 aliquantulum
445 952 474 1012 in
498 951 569 1014 Jcru
597 957 687 1015 nostri
717 956 827 1016 amoris
849 955 1095 1030 contemplatione
1128 957 1322 1027 immorarer3

209 1036 301 1098 lactus
313 1040 358 1096 est
383 1036 461 1096 enim
481 1039 569 1098 etiam
590 1035 659 1098 mihi
671 1037 727 1098 Dei
745 1040 837 1098 virtus
858 1042 888 1097 et
902 1038 953 1097 Dei
972 1039 1121 1114 sapientia.
1164 1036 1262 1115 Atque
1279 1038 1323 1098 si-

208 1123 268 1181 culi
279 1118 412 1180 Christus
420 1137 472 1180 nos
482 1121 607 1197 gratuito
614 1123 733 1182 omnino
746 1137 847 1183 amore
858 1122 1091 1199 prosequebatur
1100 1117 1135 1200 ²),
1146 1121 1185 1180 ita
1197 1119 1323 1182 Christi·

209 1204 256 1263 ani
278 1200 377 1263 Iesum
397 1207 551 1280 sequentes
568 1221 624 1263 non
641 1202 738 1264 solum
755 1203 864 1264 amicos
883 1203 1024 1280 diligunt;
1046 1206 1085 1263 ita
1101 1205 1178 1264 enim
1196 1207 1226 1264 et
1238 1201 1321 1264 Gen-

210 1285 275 1346 tiles
297 1291 326 1346 et
352 1285 496 1346 Pharisaei
513 1305 578 1346 sese
597 1285 754 1364 gerehant;
786 1304 889 1346 verum
905 1289 1022 1348 etiam'
1014 1287 1147 1348 inimicos
1169 1290 1199 1347 et
1216 1304 1322 1363 perse-

209 1374 334 1441 cutores,
357 1387 414 1430 non
433 1369 587 1429 reddentes
605 1370 715 1430 malum
735 1387 787 1445 pro
802 1369 888 1439 malo,
912 1387 965 1430 nec
973 1370 1168 1430 maledictum
1184 1387 1237 1448 pro
1256 1387 1323 1430 ma-

209 1451 332 1526 ledicto,
362 1453 413 1514 sed
434 1471 451 1513 e
473 1454 617 1513 contrario
635 1452 838 1516 benedicentes
861 1452 873 1512 l
893 1449 970 1512 Petr.
988 1437 1046 1525 lll,
1062 1453 1102 1525 9.,
1121 1457 1247 1514 attamen
1266 1470 1321 1514 eos

210 1534 308 1596 debito
327 1552 426 1596 amore
447 1540 683 1628 prosequuntur,
713 1553 780 1596 cum
805 1537 893 1597 creati
917 1553 1020 1596 omnes
1046 1541 1076 1596 et
1095 1537 1238 1613 redempti
1259 1536 1321 1596 sint

210 1620 347 1696 sanguine
364 1617 471 1680 Christi
493 1622 522 1678 et
542 1616 603 1695 eJus
624 1618 750 1696 legibus,
784 1635 909 1696 quarum
939 1616 1005 1680 sinis
1028 1617 1152 1680 charitas
1168 1623 1234 1693 est,
1266 1617 1321 1679 oh-

174 1779 177 1784 Ι
209 1702 310 1764 stricti.
339 1701 447 1762 Amant
456 1701 542 1778 igitur
557 1700 846 1778 propterChrislum3
868 1700 1222 1763 Christnsexnaturasua
1238 1719 1321 1763 ama·

209 1786 275 1858 hat,
297 1784 327 1844 in
341 1790 482 1862 quantum
501 1784 581 1844 Deus
599 1788 676 1855 erat,
708 1785 842 1863 quamvis
861 1785 891 1844 in
910 1790 1051 1861 quantum
1066 1785 1157 1846 homo
1175 1784 1320 1846 voluntati

210 1868 303 1930 Patris
326 1867 541 1944 obtemperaret
552 1863 587 1948 ²).
638 1867 734 1944 lpsius
762 1873 873 1939 morte,
900 1870 951 1946 qui
973 1886 1026 1944 pro
1056 1868 1142 1928 nohis
1168 1873 1319 1944 peccatum

208 1953 301 2013 lactus
323 1955 376 2018 est.
400 1950 462 2011 Deo
477 1950 651 2012 reconciliati
671 1951 767 2011 Deum
785 1949 900 2012 Patrem
916 1953 1108 2022 nominamus,
1131 1954 1164 2011 ut
1181 1953 1218 2012 sit
1235 1968 1320 2012 amo·

209 2037 250 2098 ris
272 2033 427 2096 ¹vinculum
445 2035 520 2094 inter
533 2039 693 2096 creatorem
714 2037 743 2094 et
759 2037 921 2098 creaturam
936 2035 966 2094 in
984 2051 1061 2095 novo
1079 2037 1252 2098 testamento
1268 2032 1320 2094 fir·

116 2178 121 2188 ,
213 2134 295 2181 ιιιιιιιι
318 2122 347 2178 et
369 2115 578 2178 indissolubile.

293 2200 424 2263 Charitas
440 2218 532 2277 quum
549 2199 715 2260 marimcin
741 2199 866 2260 essentia
886 2203 1039 2272 versetur,
1071 2201 1100 2260 in
1118 2204 1260 2279 quantum
1289 2201 1318 2262 tn

209 2284 365 2348 voluntatis
384 2287 481 2343 actum
498 2283 646 2360 procedit,
679 2300 736 2342 non
761 2299 824 2342 srne
834 2298 936 2342 caussa
958 2282 1052 2343 Deum
1071 2282 1249 2345 Charitatern
1266 2302 1320 2361 ap-

212 2367 338 2447 pellasse
356 2369 498 2428 loannem
517 2365 654 2427 arbitror.
697 2364 772 2425 Nam
793 2365 946 2426 essentiale
962 2366 1177 2464 quodammodo
1192 2365 1247 2428 hoc
1269 2385 1320 2428 no-

209 2471 287 2525 men,
310 2453 385 2513 siout
400 2449 447 2509 illa
465 2449 589 2527 Spiritus
609 2448 815 2519 denominatio,
838 2451 862 2508 si
881 2446 1019 2508 attributa
1035 2449 1177 2510 ratione
1168 2468 1198 2510 ru
1215 2468 1320 2511 essen-

210 2536 289 2597 tialia
302 2539 332 2596 et
349 2532 516 2613 qualitativa
539 2531 599 2615 (me
619 2530 774 2592 barbarum
796 2547 860 2591 esse
878 2530 1035 2608 aliqnando
1061 2536 1194 2609 oportet,
1220 2533 1282 2594 nt
1272 2551 1320 2594 rn-

210 2619 272 2680 telli
292 2635 325 2678 ar
357 2617 471 2677 drvrdrs.

274 2615 476 2760 gA')oharitate
494 2699 530 2759 ad
547 2698 734 2760 sanctitatem
755 2713 925 2775 progressus
948 2715 1017 2759 rere
1033 2696 1149 2771 nullus,
1170 2716 1239 2760 cum
1258 2709 1318 2760 nou

209 2783 307 2846 solum
324 2783 440 2852 affines,
473 2783 524 2843 sed
543 2782 630 2843 etiam
649 2783 759 2860 cognati
781 2779 828 2842 vel
848 2782 1072 2858 consanguinei,
1102 2786 1135 2842 ut
1152 2783 1191 2843 ita
1204 2781 1319 2860 loquar,

210 2871 268 2930 sint
292 2869 350 2929 duo
362 2865 405 2926 illi
426 2870 592 2943 conceptus.
647 2901 651 2910 ·

296 2952 398 3030 ltaque
410 2947 481 3011 nihil
497 2951 643 3010 morantes
653 2948 803 3010 dicemus:

745 3181 752 3198 .
775 3138 804 3201 3.

636 3247 681 3310 Do
702 3143 764 3308 Dseo
787 3245 903 3308 Sancto.

175 3421 178 3430 ,
296 3366 411 3444 Duplex
432 3364 514 3427 nobis
531 3382 577 3427 rra
589 3367 683 3444 patet
705 3381 771 3442 qua,
793 3380 867 3441 quae
880 3363 919 3423 sit
928 3362 1129 3424 Sanctitatrs
1102 3379 1146 3422 vra
1161 3365 1191 3426 et
1205 3363 1319 3436 natura,

210 3453 384 3560 investigare
395 3452 551 3530 possimus.
595 3447 678 3508 Vela
698 3447 839 3508 creaturis
856 3446 893 3507 ad
912 3451 1073 3508 creatorem
1091 3443 1318 3518 ascendendum,

246 3685 273 3748 1)
291 3685 349 3736 Hoc
369 3685 435 3736 inter
457 3681 606 3746 protritum
624 3683 650 3730 ct
669 3676 785 3730 debitum
813 3688 926 3728 amorem
953 3676 1093 3728 discrimen
1113 3676 1191 3730 velim
1214 3681 1244 3726 nt
1267 3675 1319 3728 sihi

210 3763 291 3822 lector
306 3777 385 3831 notet,
403 3775 432 3821 ut
448 3767 533 3818 locum
546 3767 623 3825 ilict.
645 3779 663 3816 a
680 3765 705 3818 S.
721 3764 782 3816 Vict.
801 3764 907 3845 (Trinit
923 3761 1047 3828 Vl,1l.),
1066 3776 1142 3827 quern
1163 3763 1228 3814 intra
1254 3763 1320 3814 cita·

214 3858 312 3917 himus,
332 3855 466 3920 intelligat.

247 3943 275 4005 2)
293 3943 333 3994 Er
346 3942 393 3994 hac
408 3943 504 3994 amoris
519 3940 623 3992 notione
638 3939 725 3990 omnia
741 3937 861 4000 colligere
879 3938 956 3996 licet,
983 3949 1050 4003 prae
1075 3937 1108 3991 dc
1131 3935 1318 4002 coapostolus

210 4031 232 4081 1.
248 4030 307 4082 Cor.
323 4031 390 4082 xlii
410 4031 526 4094 erponit3
543 4027 672 4090 imprimis
689 4031 775 4078 anum
792 4026 942 4082 accentus,
960 4036 1027 4087 uuae
1041 4024 1083 4077 rix
1097 4037 1212 4088 unquam
1228 4027 1256 4078 in
1271 4035 1319 4074 na-

210 4115 288 4166 turali
305 4126 392 4166 amora
409 4115 546 4168 invenitur.
574 4112 661 4176 amne
676 4112 817 4174 intelligere
826 4113 887 4163 inde
903 4123 1051 4174 possumus,
1069 4111 1132 4173 quid
1143 4111 1193 4163 sihi
1212 4092 1319 4167 ebatum

211 4202 277 4254 illud
296 4194 436 4255 salvatoris
461 4200 544 4253 nostri
559 4201 637 4258 velit,
664 4200 750 4251 solum
766 4187 916 4250 inlantem
908 4211 935 4248 ιιι
955 4210 1062 4260 regnum
1079 4197 1209 4252 coelorum
1221 4200 1318 4252 iuuare

210 4300 298 4351 posse.
332 4288 469 4355 Quomodo
484 4298 600 4340 amorem
615 4288 769 4351 benignitas,
786 4286 889 4346 lenitas,
901 4285 1077 4338 misericordia
1098 4292 1246 4349 securatur,
1265 4301 1318 4342 uon

211 4384 260 4439 ast,
278 4391 325 4432 cur
340 4377 508 4442 explicemus.
