2910 4936
751 236 795 302 st

219 433 402 512 aminneam
423 433 459 496 do
475 433 557 508 Deo,
579 430 658 494 nulla
686 431 916 510 adloquendum
944 431 1040 510 lingua
1062 432 1201 510 sufficiat,
1229 435 1330 496 umen

219 522 476 597 quantumcunque
492 515 566 578 illud
588 519 650 586 est,
678 515 755 592 qnod
770 515 898 575 humano
911 514 1059 576 intellectu
1079 516 1116 577 de
1134 519 1257 578 essentia
1272 534 1329 596 pa·

218 610 318 665 ternae
332 601 445 660 deitatis
467 600 631 676 attingitur:
662 597 716 658 nisi
737 616 826 658 unum
841 603 928 676 atque
948 598 1026 659 idem
1044 604 1104 672 est,
1137 618 1204 662 oum
1222 602 1269 662 uel
1288 599 1330 666 de

221 683 370 761 unigenito
391 682 475 760 ejus,
505 683 552 743 vel
569 682 605 742 de
629 681 737 759 Spiritu
762 686 861 742 sancto
883 683 1033 760 cogitatur,
1055 699 1109 742 non
1132 685 1180 760 pia
1206 687 1330 760 sapitur,

219 766 270 828 sed
291 765 378 826 nimis
399 767 555 827 carnaliter
563 764 716 841 caligatur,
737 770 766 824 et
779 766 893 842 ipsum,
919 765 996 842 quod
1012 765 1048 826 de
1067 771 1147 842 patre
1163 785 1330 843 congruen-

219 853 264 909 ter
291 849 390 910 sentiri
409 849 578 919 videbatur,
600 849 756 908 amittitur:
779 849 847 926 quia
867 865 884 907 a
902 851 959 909 tota
974 847 1112 910 Trinitate
1125 843 1278 924 receditur,
1300 853 1328 913 si

66 998 69 1007 ,
148 967 150 972 ,
220 933 249 992 in
278 947 313 992 ea
335 933 429 992 unitas
445 951 502 998 uon
532 935 655 991 tenetur.
698 930 785 990 Nulla
804 936 901 990 autem
930 933 1042 1016 ratione
1063 951 1132 994 vere
1156 938 1200 994 est
1223 951 1328 1009 unum,

219 1015 297 1093 quod
312 1013 408 1090 eliqua
421 1019 466 1076 est
480 1014 682 1092 inaequalitate
697 1014 880 1074 diversum.“

305 1096 466 1176 Hucusque
480 1101 516 1162 de
533 1097 699 1160 nominibus
718 1097 827 1176 Spiritu
843 1100 872 1158 et
886 1095 990 1158 Sancto
1005 1098 1154 1177 disjunctis
1169 1098 1258 1162 locuti
1275 1117 1329 1161 su·

220 1196 307 1255 mus,
326 1180 385 1258 jam
410 1182 447 1242 de
465 1181 664 1261 conjunctione
691 1179 810 1244 illorum
837 1184 867 1241 et
889 1179 1002 1243 diversa
1020 1185 1047 1243 iu
1072 1183 1219 1260 Scriptura
1244 1200 1330 1245 eaora

219 1263 427 1341 compositione
446 1284 537 1346 pausa
556 1265 741 1326 disseremus

712 1486 739 1552 §.
785 1482 813 1542 b.

219 1627 262 1688 De
279 1625 393 1707 Spiritu
406 1641 522 1703 suusto,
544 1629 652 1709 Spiritu
665 1627 723 1690 Dei
730 1675 737 1700 ,
749 1629 865 1726 Patris,
883 1625 956 1692 Filii
968 1627 1109 1706 (Christi,
1125 1629 1194 1690 lesu
1210 1629 1329 1704 Christi,

642 1711 744 1788 lesu);
767 1710 891 1792 Spiritu·

310 1859 436 1932 Nomine
453 1853 579 1940 Spiritus
595 1879 687 1942 quum
703 1862 871 1941 potissime,
894 1865 926 1922 ut
943 1860 1085 1934 diximus,
1107 1864 1223 1922 aeterua
1236 1865 1266 1924 et
1284 1862 1332 1924 ln·

218 1949 299 2006 terna
321 1943 384 2021 ejus
399 1948 559 2023 proprietas
576 1949 604 2007 et
622 1946 716 2006 diviua
742 1947 843 2006 natura
871 1943 1045 2022 designetur,
1066 1944 1095 2003 in
1119 1946 1214 2006 saucii
1230 1949 1331 2010 autem

217 2025 360 2088 vocabulo
378 2046 453 2105 opus
473 2029 527 2103 ipsi
546 2028 752 2105 praecaeteris
768 2029 917 2106 proprium
934 2027 1063 2101 eluceat;
1085 2026 1329 2105 perfectissimum

217 2128 324 2170 nomen
347 2109 471 2187 Spiritus
481 2112 570 2172 sanati
590 2113 691 2171 tertiae
710 2129 850 2189 personae
866 2110 952 2171 tribui
968 2113 1141 2172 conveniens
1156 2116 1210 2171 est.
1235 2111 1332 2190 Nega·

215 2194 306 2254 livam
334 2196 474 2255 rationem
493 2193 575 2256 affert
600 2195 629 2256 S.
652 2195 855 2254 Bonaventura
867 2195 910 2271 1):
945 2193 1054 2271 Spirari
1079 2197 1107 2274 ip
1128 2193 1328 2271 spiritualibus

216 2276 307 2336 solius
329 2281 372 2336 est
389 2279 517 2350 amoris,
547 2283 576 2337 et
593 2281 728 2356 quoniam
755 2296 836 2337 amor
862 2281 956 2356 potest
979 2277 1080 2353 spirari
1098 2283 1176 2338 reete
1199 2281 1229 2337 et
1246 2277 1330 2338 ordi·

218 2363 291 2430 nate,
314 2364 344 2419 et
362 2362 404 2420 sio
420 2365 464 2421 est
478 2378 584 2439 purus:
608 2361 655 2421 vel
674 2363 835 2422 inordinate
851 2365 880 2420 et
900 2361 1068 2434 immunde,
1090 2363 1120 2422 et
1135 2363 1177 2421 sio
1198 2363 1243 2421 est
1265 2362 1333 2422 libi-

216 2439 391 2526 dinosus²):
423 2443 488 2505 ideo
510 2461 633 2520 persona
657 2445 725 2516 illa,
747 2461 822 2522 quae
843 2448 888 2504 est
903 2461 993 2513 amor,
1016 2462 1072 2503 non
1094 2447 1205 2503 tantum
1223 2444 1330 2505 dieitur

215 2526 350 2604 Spiritus,
372 2527 422 2587 sed
434 2526 558 2604 Spiritus
569 2533 694 2588 sanctus.
717 2527 781 2588 Nou
801 2527 954 2587 siodieitur
964 2525 1055 2586 Filius
1066 2527 1189 2603 Spiritus
1198 2531 1330 2602 sanctus,

216 2609 284 2688 quia
293 2613 438 2688 generatio
449 2613 493 2671 est
502 2614 597 2670 motus
609 2610 756 2682 naturalis,
771 2612 846 2670 eirca
857 2627 944 2688 quem
953 2627 1010 2669 nou
1023 2610 1179 2670 attenditur
1189 2611 1326 2672 sanctitas
1444 2611 1445 2684 ζ

219 2691 264 2752 vel
283 2695 407 2769 puritas,
429 2697 504 2754 siout
523 2696 679 2756 attenditur
703 2694 777 2754 cirea
802 2711 933 2753 amorem
961 2693 1126 2754 uoluntatis.
1174 2693 1274 2770 ltaque
1293 2695 1325 2754 in

216 2775 374 2851 Scripturis
395 2794 564 2855 nunquam,
586 2783 616 2837 et
646 2776 786 2837 debellata
808 2776 1013 2837 Macedoniana
1035 2776 1148 2837 haeresi
1176 2778 1326 2838 rarissime

216 2857 385 2919 aPatribus
409 2858 515 2920 Filium
546 2859 601 2921 boa
621 2862 739 2920 nomine
760 2859 899 2937 appellari
928 2861 1098 2920 invenimus.
1143 2858 1247 2920 Tribus
1265 2861 1327 2937 pri·
1444 2917 1445 2946 ,

217 2942 273 3002 mis
294 2943 399 3002 seculis
421 2944 567 3004 interdum
589 2943 680 3004 Filius
702 2947 739 3003 ita
760 2943 979 3010 nominabatur,
1003 2961 1103 3004 verum
1125 2961 1191 3004 raro
1211 2943 1327 3004 solum·
1444 2967 1445 3014 i

216 3026 313 3085 modo.
336 3025 413 3085 Loca
431 3025 548 3086 Petrum
568 3045 682 3086 summa
697 3044 763 3087 eum
780 3027 919 3086 industria
932 3024 1052 3086 collecta
1068 3026 1181 3086 invenis
1196 3028 1223 3087 iu
1235 3026 1326 3086 Prae·
1444 3059 1445 3092 r

216 3105 308 3168 latin
327 3107 471 3169 Hilarium
493 3108 541 3170 iol.
563 3109 674 3171 XVlll.
699 3111 744 3170 ed.
768 3109 892 3170 Maurin.

300 3193 322 3252 Ι.
347 3191 476 3272 Spiritus
491 3192 549 3254 Dei
571 3195 712 3272 (πνεῦμα
734 3189 826 3274 θεοῦ)
841 3193 965 3269 Spiritus
989 3193 1105 3251 sanetus
1118 3189 1326 3272 appellatur³),

217 3277 249 3334 ut
265 3294 280 3334 a
298 3275 416 3352 Spiritu,
439 3278 488 3353 qui
511 3277 539 3335 in
563 3276 672 3335 mundo
692 3280 744 3346 est,
768 3275 785 3333 i.
809 3294 834 3334 e.
857 3275 934 3335 malo
953 3277 1053 3354 spiritu
1081 3277 1270 3350 discernatur,
1294 3279 1328 3336 st

215 3358 351 3418 divinitas
367 3359 444 3419 illius
463 3359 627 3438 (diversitas
650 3358 685 3418 ab
705 3361 829 3418 tomeun
848 3357 963 3438 spiritu)
987 3359 1158 3418 innotescat.

299 3459 325 3500 a.
347 3441 539 3520 Distinguitur
562 3459 579 3502 a
604 3441 718 3522 Spiritu
744 3443 870 3522 motipuo
898 3442 1051 3518 praecipue
1076 3443 1162 3502 Rom.
1185 3442 1267 3514 Vlll,
1290 3439 1321 3502 9.

105 3563 107 3566 -
218 3521 267 3585 lb.
290 3525 379 3603 (quod
398 3531 483 3602 eaput
504 3529 672 3602 praesertim
694 3525 905 3598 observandum
926 3529 984 3596 est,
1007 3530 1038 3584 ut
1065 3525 1214 3585 diversum
1233 3525 1327 3584 deno-

218 3610 409 3669 minationum
432 3628 550 3670 sensum
575 3608 788 3686 intelligamus,
822 3626 888 3668 uam
908 3612 1008 3667 cuneta
1030 3609 1059 3668 iu
1081 3627 1117 3670 eo
1138 3609 1329 3668 inveniuntur

218 3695 247 3751 et
269 3693 490 3771 propriosensu
508 3692 755 3769 pronunciantur;
773 3708 841 3752 oum
864 3690 919 3751 hoo
940 3693 1032 3768 oapite
1057 3689 1070 3751 l
1092 3689 1160 3752 Cor.
1179 3692 1215 3765 ll,
1235 3691 1327 3770 aptis·

253 3915 742 3982 1)1n1.sent.u.x.n.1i.Q.111.

245 4002 578 4067 ‘2)Ct.P.1.§.2.a.l.

253 4089 279 4150 a)
299 4089 427 4142 observat
455 4091 502 4141 bas
525 4091 612 4144 sarias
637 4091 859 4144 denominationes
884 4091 1003 4142 Ambrae.
1028 4091 1060 4142 de
1085 4091 1172 4154 Spirit
1191 4091 1217 4141 S.
1243 4091 1264 4148 1,
1290 4089 1325 4149 t..
1444 4089 1445 4134 l

218 4175 337 4239 quamvis
352 4189 402 4227 uon
421 4177 599 4236 differentiam,
620 4177 666 4230 sed
677 4179 801 4231 unitatem
814 4178 991 4230 demonstrare
1004 4179 1054 4230 sibi
1066 4189 1095 4230 ex
1113 4179 1164 4230 bne
1175 4177 1254 4230 libelli
1267 4193 1326 4244 pro·
1349 4165 1351 4170 ¹

218 4270 295 4325 ponat
312 4269 337 4315 et
359 4263 443 4314 Hilar.
461 4264 551 4316 Trlnlt.
572 4265 616 4317 lib.
631 4265 704 4317 viil.
725 4279 751 4316 n.
777 4265 905 4339 2247..
924 4267 968 4328 oui
994 4274 1023 4318 et
1037 4265 1076 4318 eis
1098 4263 1327 4320 consubstantiali-

162 4377 165 4388 ·
218 4356 295 4402 tatem
316 4350 437 4402 Patriset
455 4351 513 4405 ruit
532 4350 669 4404 soneludit.
1083 4352 1089 4362 '
