2910 4936
691 252 785 327 ‚to

212 454 346 512 mnetum
376 449 466 527 gretia
487 442 589 510 ditiusr
623 449 666 507 est
696 447 724 502 lu
753 443 888 506 cordibus
910 449 1015 506 nostris
1031 446 1130 522 magia,
1153 457 1241 521 quam
1264 459 1320 515 per

208 533 322 594 Patrem
349 529 534 592 etlilium?
575 525 633 587 Sed
656 528 782 598 seimus,
813 528 880 604 qnia
902 524 986 588 Pater
1010 531 1158 588 auctorem
1184 543 1241 584 non
1262 524 1318 584 ha-

208 615 268 689 bet,
289 614 367 675 unde
390 613 504 674 nonnisi
522 609 678 688 gratuitum
699 627 828 672 amorem
848 609 956 672 hahere
978 611 1064 672 ualet.
1106 610 1197 672 Filius
1217 612 1318 668 autem

212 697 299 760 hahet
319 714 448 758 amorem
478 699 538 755 1111
566 694 721 771 gratuitum
743 711 831 770 quam
854 694 993 756 debitum.
1035 692 1068 753 ln
1096 695 1195 754 divino
1216 694 1318 766 itaque

211 799 310 842 amore
332 778 500 857 proprietati
523 775 590 847 lilii,
620 776 666 836 vel
692 779 861 853 proprietati
878 780 967 854 patris
984 775 1153 838 eonionnari
1170 792 1226 836 non
1249 791 1319 852 pos-

210 883 323 935 sumus,
346 864 413 941 quia
435 860 521 922 simol
537 864 703 937 utrumque,
725 863 776 920 aut
807 862 909 921 saltem
931 862 1025 922 solum
1054 861 1211 938 gratuitum
1234 874 1317 916 amo-

209 966 272 1007 rem
301 962 370 1022 erga
389 944 483 1005 Deum
504 942 612 1003 hahere
641 959 697 1004 non
728 943 869 1004 valemus.
911 943 960 1004 Ad
980 943 1035 1004 hoe
1060 961 1184 1021 nemque
1202 941 1316 1000 homiui

208 1032 310 1102 datur,
342 1028 378 1088 ad
400 1027 455 1089 hoe
476 1026 517 1088 illi
540 1026 703 1104 inspiratur,
738 1031 770 1087 ut
791 1028 832 1088 illi
850 1030 1019 1105 inquantum
1037 1028 1091 1088 sibi
1108 1023 1244 1105 possibile
1261 1028 1317 1093 est,

207 1111 472 1190 1111311111-
495 1109 621 1170 Mittitur
648 1115 744 1170 autem
768 1110 838 1170 haee
852 1111 928 1172 datio
943 1110 988 1171 vel
1011 1111 1097 1171 datur
1117 1111 1188 1170 haee
1209 1105 1316 1167 missio

207 1194 294 1257 simul
323 1200 352 1256 et
373 1196 434 1272 pari
456 1195 544 1254 modo
564 1208 581 1251 a
602 1190 687 1253 Patre
710 1211 796 1270 quam
819 1211 835 1254 a
856 1193 973 1276 Filio¹).
1022 1193 1120 1272 Atque
1139 1211 1156 1252 a
1178 1192 1263 1251 Patre
1284 1196 1316 1249 et

206 1279 290 1351 Filio,
312 1280 336 1338 si
357 1276 527 1354 simpliciter
549 1276 686 1336 fruendus
714 1277 807 1347 datur,
829 1280 902 1337 mitti
924 1277 1057 1349 videtur,
1080 1277 1215 1354 quoniam
1238 1274 1314 1333 mitti

208 1361 461 1423 suhauetoritalem
478 1357 592 1432 indicat,
613 1359 699 1419 donat
720 1377 753 1421 ae
774 1378 806 1418 se
821 1361 883 1437 ipse
898 1362 992 1433 mittit,
1013 1363 1037 1422 si
1054 1364 1209 1438 gratiarum
1227 1358 1314 1416 auri-

206 1446 246 1507 lio
270 1446 359 1516 adest,
382 1445 517 1523 quoniam
540 1440 695 1519 aliquando
717 1443 792 1502 mitti
817 1445 971 1504 inedivinis
992 1443 1130 1522 signifieat
1158 1443 1260 1502 adesse
1281 1441 1311 1506 in

206 1527 335 1606 subjecto
354 1529 441 1588 modo
457 1525 556 1603 aliquo
578 1525 723 1603 singulari,
746 1530 775 1585 et
797 1543 872 1588 nouo
885 1525 923 1604 ²).
966 1527 1023 1588 lsla
1045 1528 1198 1588 donatione
1221 1523 1313 1599 Spiri-

206 1615 253 1672 tus
274 1615 389 1672 saoetus
409 1609 550 1671 limitibus
569 1609 688 1668 minime
715 1607 871 1671 includitur
881 1608 917 1692 ³).
960 1610 1034 1670 Nam
1054 1610 1144 1672 Filius
1165 1626 1221 1670 non
1244 1608 1312 1666 ideo

199 1695 301 1755 minor
329 1692 422 1762 Patre,
443 1693 529 1772 quia,
563 1709 636 1769 quae
658 1693 767 1752 audiuit
795 1694 830 1754 ab
859 1713 904 1766 eo,
925 1693 1079 1755 locuturus
1108 1695 1138 1754 in
1167 1690 1309 1752 mundum

203 1780 310 1838 missus
326 1781 379 1849 est,
401 1793 496 1853 neque
518 1777 583 1836 ideo
604 1793 660 1835 non
683 1776 739 1836 vila
762 1774 889 1856 (ἄβιος),
913 1779 981 1854 quia
1001 1776 1085 1840 Pater
1105 1779 1173 1850 vita,
1195 1775 1311 1851 etipse

206 1863 293 1922 vitam
315 1879 333 1920 a
354 1859 440 1920 Patre
461 1861 588 1937 accepit3
619 1859 720 1936 eadem
750 1860 827 1918 enim
855 1860 987 1921 divinitas
1019 1863 1048 1921 in
1080 1865 1213 1938 utroque,
1235 1860 1310 1918 sieut

201 1947 289 2004 etiam
310 1945 339 2004 in
353 1942 462 2020 Spiritu
478 1946 596 2012 saneto3
617 1943 718 2002 eadem
740 1941 837 2003 dirim
859 1949 958 2004 natura
979 1944 1029 2003 ille
1043 1948 1169 2021 generat,
1191 1942 1237 2003 hie
1258 1957 1309 2018 ge-

203 2031 329 2096 neratur,
352 2025 394 2086 illi
416 2025 534 2102 spirant,
556 2023 603 2084 hle
625 2027 762 2104 spiratur,
783 2026 883 2086 eadem
896 2027 992 2088 divina
1008 2028 1157 2089 voluntate
1176 2025 1219 2086 illi
1240 2025 1308 2084 mit-

201 2113 273 2182 tunt,
296 2107 343 2169 hie
365 2110 508 2170 mittitur:
529 2108 608 2170 Deus
629 2111 722 2169 trinus
740 2113 769 2168 et
791 2125 912 2170 concors
932 2115 960 2170 et
980 2127 1065 2171 unus.
1107 2137 1110 2142 “

283 2189 428 2264 Quamvis·
452 2192 538 2269 igitur
559 2196 588 2251 et
607 2191 759 2270 Seraphim
774 2194 881 2254 missus
902 2194 1008 2254 dicitnr
1016 2193 1055 2269 ⁴),
1077 2194 1128 2254 sed
1151 2189 1307 2266 Seraphim

199 2276 235 2336 ad
264 2292 366 2348 unum,
387 2274 512 2352 Spiritus
542 2275 577 2335 ad
601 2293 719 2336 omnes:
741 2273 892 2351 Seraphim
912 2277 1034 2336 mittitur
1055 2279 1083 2336 in
1105 2275 1310 2346 ministerium,

199 2359 324 2436 Spiritus
360 2362 497 2438 operatur
517 2361 705 2435 mysterium:
742 2357 903 2434 Seraphim,
926 2360 1002 2437 quod
1023 2359 1150 2438 jubetur,
1172 2356 1310 2434 exsequi·

196 2446 263 2514 tur;
285 2441 427 2518 Spiritus,
450 2439 531 2520 quod
561 2439 633 2514 vult,
656 2441 767 2503 dividit.
810 2440 963 2521 Seraphim
995 2444 1030 2504 de
1064 2442 1128 2504 loeo
1149 2442 1185 2500 ed
1208 2441 1308 2503 loeum

197 2526 320 2598 transit;
342 2530 371 2585 at
388 2543 458 2585 vero
480 2525 517 2584 de
538 2523 648 2602 Spiritu
670 2529 768 2586 saneto
785 2523 840 2586 hoe
859 2544 915 2600 non
926 2544 1082 2604 possumus
1097 2527 1261 2586 existimare
1272 2521 1309 2604 ὅ).

280 2607 356 2668 Hine
377 2609 510 2679 effleitur,
534 2613 567 2668 ut
585 2605 629 2668 Cl.
651 2607 793 2684 Petavii⁸)
814 2608 910 2670 uerbis
931 2610 1007 2672 dieta
1028 2610 1180 2687 colligam:
1211 2625 1304 2684 „liro-

196 2690 260 2767 prie
279 2691 420 2768 Spiritum
442 2690 580 2767 Sanctum
601 2691 655 2752 Dei
677 2709 741 2752 esse
763 2693 886 2764 donum,
915 2711 1039 2772 eamque
1060 2711 1201 2772 personae
1223 2691 1304 2752 illius

195 2791 261 2834 esse
278 2778 383 2848 nomm,
406 2791 492 2852 quam
516 2793 553 2836 ex
575 2777 766 2852 processionis
787 2791 857 2836 snae
878 2777 1017 2854 peculiari
1040 2777 1127 2838 modo
1146 2775 1302 2853 consequi-

195 2863 254 2917 tur:
289 2856 371 2917 -Nam
387 2858 455 2936 quie
473 2875 509 2917 ex
528 2875 629 2919 amore
649 2857 779 2936 procedit
793 2862 827 2920 -et
847 2876 931 2922 amor
951 2864 1006 2934 est,
1027 2861 1209 2938 amorisque,
1241 2875 1303 2938 quo

229 3051 257 3108 1)
275 3051 366 3101 Utrum
386 3051 498 3114 Spiritus
517 3058 622 3104 sanetus
641 3063 670 3103 se
686 3051 771 3114 ipsum
787 3052 871 3106 donet.
891 3065 954 3106 ana
974 3053 1049 3106 Patre
1064 3061 1090 3105 et
1106 3053 1170 3108 Filio
1187 3060 1301 3106 tantum-

193 3136 269 3188 modo
284 3138 398 3194 donetur‚
418 3151 510 3201 magna
528 3140 735 3190 intellectores
758 3140 790 3190 lis
806 3146 930 3193 uersatur.

227 3221 348 3287 Spiritum
366 3232 395 3276 ut
412 3225 507 3277 donum
524 3227 625 3278 mittere
643 3239 671 3276 se
680 3223 833 3288 inquantum
849 3230 932 3280 Deum
943 3229 1071 3280 sentiunt:
1089 3229 1188 3280 Altera.
1202 3230 1301 3293 diopu-

193 3311 267 3374 atae.
286 3312 402 3364 Sentent.
420 3313 513 3363 Petrus
527 3314 559 3362 de
570 3312 669 3362 Tarae.
688 3314 709 3362 l.
725 3313 794 3362 Sent.
812 3311 844 3361 D«.
863 3313 921 3364 XV.
942 3314 973 3376 Q.
992 3313 1017 3364 u.
1037 3316 1103 3366 118.
1123 3315 1300 3367 1111111111111

192 3410 218 3458 q.
236 3395 262 3446 2.
282 3411 304 3448 1.
323 3399 347 3448 2.
368 3405 394 3450 et
411 3411 436 3460 q.
457 3399 482 3450 1.
501 3410 524 3450 a.
544 3399 584 3454 3.,
604 3399 698 3460 quibus
716 3401 1007 3463 propterauetorltatem
1020 3401 1046 3451 S.
1058 3402 1125 3466 Aue.
1140 3410 1166 3454 et
1182 3403 1300 3466 aragiso.

192 3483 332 3534 assentitur
349 3487 374 3535 S.
392 3487 587 3535 Beneventum
610 3485 645 3534 io.
672 3485 705 3534 D.
729 3487 788 3538 XV.
807 3487 836 3536 P.
863 3487 898 3536 ll.
923 3489 956 3551 Q.
976 3489 1029 3546 lv,
1056 3490 1174 3551 maturis
1197 3495 1301 3552 propter

192 3570 317 3622 rationem
332 3573 358 3622 in
383 3573 538 3622 eontrarium
558 3571 671 3623 inclinet.
707 3574 730 3622 S
751 3574 840 3624 Thous.
858 3574 892 3624 ib.
913 3587 935 3625 a.
954 3576 978 3626 3.
997 3581 1132 3638 utramque
1152 3575 1299 3638 opinionem

192 3656 293 3718 probat.
329 3658 405 3707 Alea.
418 3658 508 3708 Aleae.
528 3658 559 3714 P,
572 3658 592 3706 1.
613 3658 645 3722 Q.
663 3657 706 3710 72.
716 3659 825 3710 membr.
848 3663 872 3711 1.
890 3669 916 3712 et
930 3661 997 3713 Seor.
1015 3662 1068 3713 inl
1087 3663 1156 3714 Sent.
1174 3663 1206 3713 ll.
1225 3661 1298 3713 xla.

71 3751 75 3761 ’
190 3749 216 3793 11
235 3743 293 3792 XV.
313 3745 346 3806 Q.
364 3746 432 3796 unte.
452 3758 507 3796 rem
521 3745 547 3795 in
561 3745 647 3796 medio
663 3747 821 3809 relinquunt.

226 3827 252 3889 2)
272 3829 406 3882 Praeclare
436 3831 468 3882 de
492 3833 619 3882 missione
644 3839 670 3882 et
692 3835 855 3886 revelatione
872 3835 896 3884 S.
909 3836 1057 3890 Beneveut.
1078 3835 1206 3896 Brevilou.
1226 3835 1254 3886 P.
1277 3833 1296 3886 l.

191 3927 214 3968 1.
237 3917 269 3966 V.
289 3930 312 3978 p.
332 3918 374 3966 11.
393 3918 430 3970 et.
450 3919 571 3982 Fulpeut.
591 3919 623 3970 ad
641 3920 749 3972 Monim.
767 3920 812 3972 llh.
832 3923 866 3972 ll.
886 3935 907 3972 o.
927 3923 1076 3975 vr-xlu.

227 4002 254 4063 3)
273 4001 310 4052 et.
329 4003 449 4067 Fulpent.
470 4005 488 4060 l.
506 4018 529 4057 1.
548 4019 571 4057 1.
590 4007 636 4056 Vl.
655 4021 679 4069 p.
695 4008 737 4058 80.
757 4007 788 4060 de
805 4009 894 4060 Trinit.
914 4022 937 4062 1.
957 4010 999 4060 Vl.
1018 4024 1042 4073 p.
1061 4009 1121 4061 litii.

226 4087 254 4146 t)
272 4089 298 4140 s.
311 4089 432 4142 amires.
451 4091 542 4144 Trinlt.
562 4094 583 4150 l.
603 4094 679 4146 7.11.
698 4095 730 4146 ad
749 4095 775 4149 h.
795 4095 813 4148 1.
833 4097 911 4162 liupo
926 4097 988 4167 Vter.
1008 4097 1104 4150 Summ.
1123 4099 1192 4151 Sent.
1210 4101 1296 4150 't'raet

191 4177 212 4228 l.
230 4190 253 4226 1.
274 4176 304 4228 v.
325 4191 348 4239 p.
367 4175 429 4232 801.

226 4261 253 4324 tu
272 4264 313 4321 Cl.
331 4264 439 4330 Bidens.
457 4266 533 4319 Alae.
552 4267 594 4332 Sp.
614 4267 640 4320 S.
659 4281 681 4320 1.
700 4269 785 4322 XXV.
804 4269 901 4324 XXVl.

228 4349 259 4411 1)
279 4350 317 4403 [te
336 4351 416 4407 trinit.
435 4351 479 4406 lib.
498 4353 571 4404 Vlil.
591 4367 613 4404 1.
633 4354 681 4406 lli.
699 4356 770 4409 asli.
