2910 4936
640 251 684 316 lb

112 449 142 505 in
167 445 256 512 Filio,
277 444 357 520 jubet
381 463 432 520 per
456 445 600 516 Verbum
623 449 711 506 adest.
756 447 834 506 lleus
856 447 936 508 solus
959 455 1112 525 operatur,
1135 468 1209 510 orea-

112 539 192 596 tura.
214 529 280 606 quia
295 527 442 599 nullaest,
462 530 513 588 sed
536 527 584 601 lrt,
607 528 688 589 nihil.
730 529 821 590 Simili
843 530 929 607 igitur
951 533 1055 600 modo,
1077 533 1210 610 quanrvis

112 615 137 672 si
163 612 263 672 infiniti
282 614 312 671 et
329 608 400 671 liniti
421 610 583 671 distantiam
600 613 736 690 respicis,
760 612 843 690 longe
865 615 990 691 dispari:
1012 614 1103 675 Filius
1127 617 1209 676 intel·

113 697 192 757 lectu
220 698 392 772 generatum
425 695 511 754 etiam
534 696 660 754 mundus
690 694 909 771 perverbum,
940 698 1017 774 quod
1047 697 1209 759 intellectus

111 782 221 856 paterni
245 779 340 855 imago
361 782 421 848 est,
443 783 565 838 creatur.
597 776 721 838 Persona
732 783 829 838 autem
842 778 934 841 Patris
952 783 982 840 et
1001 798 1120 856 persona
1131 781 1206 851 Filii,

112 862 181 923 licet
201 863 229 921 in
252 862 354 921 eadem
375 860 535 921 Divinitatis
557 865 681 921 essentia
703 867 731 921 et
753 863 877 928 unitate,
901 864 1121 939 proprietatibus
1142 872 1209 924 sunt

110 947 283 1016 ‹listinctae;
306 950 335 1003 et
357 943 413 1014 ita,
435 944 569 1020 quamvis
590 961 646 1002 una
669 945 784 1004 scientia
806 949 835 1002 et
857 962 911 1003 una
933 945 1067 1006 voluutas
1089 950 1116 1006 in
1138 949 1207 1011 ileo,

110 1033 208 1088 tamen
230 1028 363 1089 voluntas
380 1025 481 1086 Patris
504 1030 533 1087 et
551 1025 624 1086 Filii
639 1030 671 1085 ut
693 1027 871 1088 diversarum
894 1025 1107 1105 hypostaseon3
1133 1050 1208 1108 quae

111 1113 187 1171 duae
210 1128 349 1187 personae
370 1109 479 1186 Spiritu
500 1116 598 1170 sancto
620 1112 702 1170 tertia
725 1127 846 1187 persona
868 1113 975 1170 amoris
1001 1113 1117 1172 vinculo
1138 1132 1207 1172 cou-

108 1195 276 1272 junguutur.
318 1191 417 1268 Quum
439 1199 536 1252 autem
557 1211 641 1253 amor
663 1196 738 1253 inter·
765 1194 917 1254 coicientes
938 1195 1121 1259 solummodo
1143 1215 1208 1256 esse

112 1282 207 1353 potest
228 1276 393 1356 (cm'stcntio
412 1276 528 1354 quidem
542 1293 729 1352 personarum
747 1297 781 1336 en
802 1275 989 1336 relationibus
1008 1277 1123 1360 oritur),
1143 1279 1207 1355 Spi-

113 1363 186 1420 ritus
207 1366 334 1428 sanctus‚
357 1365 389 1418 ut
400 1359 513 1419 Patrem
532 1365 561 1420 et
576 1359 682 1420 Filium
700 1358 858 1436 conjungit,
881 1361 918 1419 ita
940 1362 1027 1420 etiam
1048 1367 1207 1421 creaturam

113 1461 167 1517 per
189 1442 314 1502 Verbum
338 1442 484 1502 intellectu
513 1447 636 1502 creatam
658 1459 724 1502 cum
747 1443 817 1520 ipsis
836 1442 953 1518 copulet
973 1461 1131 1520 congruum
1153 1451 1206 1505 est.

110 1526 269 1603 Postquam
291 1525 368 1585 enim
391 1531 519 1586 creatura
541 1525 702 1602 intelligens
723 1529 752 1584 et
775 1524 862 1585 libera
884 1531 977 1585 creata
999 1531 1059 1597 est,
1089 1546 1141 1604 per
1163 1531 1206 1587 in·

109 1608 258 1668 tellectum
275 1610 303 1668 in
323 1626 386 1666 eam
404 1607 489 1668 Pater
509 1626 593 1684 agere
616 1627 671 1668 non
696 1612 808 1686 polest,
831 1611 868 1668 ita
892 1612 924 1668 ut
946 1627 1049 1668 novam
1071 1615 1100 1668 et
1123 1610 1206 1687 plane

108 1693 194 1751 aliam
217 1692 341 1760 condat;
365 1692 505 1771 (destruat
521 1692 614 1763 enim,
639 1707 754 1750 necesse
772 1695 825 1762 est,
847 1696 878 1750 ut
898 1708 1001 1751 novam
1018 1691 1131 1773 condat)
1155 1694 1205 1753 sed

109 1775 257 1836 volrrntate
285 1775 481 1844 voluntatem,
503 1791 590 1850 qrrarn
614 1772 732 1833 liberam
755 1774 878 1844 creavit,
900 1781 1007 1834 movet.

172 1859 274 1936 ltaque
292 1859 369 1932 ipse,
393 1859 442 1934 qui
460 1876 512 1934 per
527 1857 700 1916 coloniolam
720 1857 876 1929 processit,
896 1857 1040 1918 voluntati
1055 1860 1205 1929 succurrit,

107 1959 233 2019 eamque
244 1941 279 2001 ad
290 1941 413 2007 Patrem,
434 1946 686 2016 aquocrealaesl,
709 1941 837 2006 reducit:
858 1940 930 2015 ipse,
952 1941 1001 2019 qui
1014 1959 1065 2017 per
1082 1958 1205 2000 cruorem

108 2027 266 2101 processit,
288 2041 434 2093 amorem,
456 2041 531 2101 quae
548 2024 669 2084 essentia
686 2029 730 2082 est
748 2023 914 2090 sanctitatis.
936 2019 1068 2104 gignit¹),
1091 2025 1205 2100 etipse,

104 2109 156 2185 urai
179 2127 194 2168 a
218 2106 300 2167 Patre
322 2112 351 2166 et
372 2105 445 2166 Filio
466 2105 611 2184 procedit,
643 2107 792 2182 potissime
821 2106 935 2166 diniaco
960 2115 1083 2168 caturae
1104 2107 1206 2168 simili·

104 2191 237 2250 tudinem
259 2191 469 2260 communicat;
491 2191 528 2248 ita
545 2196 576 2249 ut
594 2189 644 2266 qui
660 2192 762 2248 tertius
781 2193 826 2248 est
845 2188 940 2265 quoad
956 2188 1061 2268 ἀρχὴν
1071 2189 1205 2267 Spiritus,

104 2280 134 2334 et
150 2274 272 2333 mittitur
288 2271 398 2332 aPatre
411 2290 462 2348 per
471 2270 587 2340 Filium,
609 2273 722 2331 initium
739 2271 877 2332 redeundi
892 2291 944 2332 nos
955 2274 990 2332 ad
1002 2274 1095 2333 ileum
1112 2274 1204 2334 iaciat.

174 2355 209 2416 Ut
231 2357 315 2434 igitur
335 2357 463 2415 omnium
483 2363 679 2415 creaturarum
689 2357 837 2414 existentia
847 2355 907 2414 sola
919 2354 1061 2416 Voluntas
1077 2356 1128 2416 llei
1142 2356 1204 2426 luit,

106 2441 176 2517 qrria
198 2435 260 2515 ejus
284 2438 410 2499 volrrisse
433 2437 532 2499 iecisse
555 2443 616 2510 est;
637 2444 747 2498 rectum
769 2442 829 2509 est,
853 2442 883 2496 ut
905 2436 952 2497 illa
974 2438 1125 2510 voluntas,
1147 2458 1204 2518 qrra

105 2525 196 2582 creati
218 2541 319 2583 sumus
342 2527 371 2582 et
391 2540 443 2600 per
464 2539 550 2598 qrram
573 2524 742 2591 existimus,
763 2522 791 2579 in
814 2519 896 2580 nobis
914 2519 963 2580 liat
977 2525 1006 2580 et
1027 2529 1203 2599 permaneat,

108 2625 145 2666 ne
154 2606 190 2666 ab
200 2623 233 2666 ea
250 2606 388 2672 destituti,
410 2621 477 2664 moa
492 2605 582 2665 veluti
594 2605 636 2664 rei
652 2604 886 2664 condemnemur.
910 2603 986 2663 Nilril
1004 2623 1072 2682 ergo
1090 2605 1202 2683 justius,

106 2706 195 2766 quam
211 2684 459 2756 utvoluntasDei,
480 2705 536 2764 qua
558 2686 759 2757 subsistimus,
781 2690 882 2762 agatur
900 2688 928 2746 in
947 2687 1038 2758 nobis,
1062 2693 1202 2765 quatenus

106 2772 225 2849 abipsa
249 2789 302 2846 per
331 2773 422 2848 ipsam
443 2769 479 2828 ad
506 2771 597 2848 ipsam
629 2769 740 2830 ielioius
760 2770 933 2846 quandoque
956 2769 1202 2847 perveniamus²).

113 2853 222 2915 Virtute
233 2851 372 2915 ditissimi
389 2854 486 2928 itaque
509 2854 606 2913 omnia
627 2857 740 2922 creata;
763 2850 877 2929 Spiritu
897 2865 995 2914 sancto
1017 2854 1113 2913 omnia
1134 2872 1201 2913 san-

104 2937 245 3006 ctificatat
268 2938 373 2998 virtute
388 2936 483 2995 denuo
494 2935 633 2995 Altissimi
654 2935 750 2996 omnia
765 2945 913 3014 reparator.
944 2935 1111 2996 Dominium
1124 2941 1202 2996 enirn

105 3039 277 3098 sarpremum
300 3019 354 3088 hoc
375 3019 493 3078 nomine
510 3019 659 3079 manifeste
676 3018 855 3096 exprimitur.
887 3019 918 3078 ln
929 3017 978 3078 illa
990 3020 1066 3078 enim
1078 3038 1202 3095 superna

103 3110 192 3179 atqrre
204 3104 320 3164 coelesti
333 3102 424 3181 patria
436 3100 489 3161 Dei
503 3101 635 3162 voluntas
649 3096 709 3182 (qui
721 3106 766 3160 est
776 3099 922 3182 Spiritus),
939 3104 989 3179 qui
1000 3102 1065 3162 lacit
1075 3101 1201 3176 Angelos

104 3205 175 3247 suos
196 3188 314 3265 spiritus
335 3190 366 3244 et
387 3186 533 3244 ministros
562 3203 631 3244 suos
660 3186 753 3261 ignem
783 3183 966 3260 flagrantem,
998 3186 1026 3244 in
1050 3185 1202 3262 spiritibus

103 3287 219 3329 summa
239 3287 309 3348 pace
325 3275 410 3346 atque
428 3267 551 3328 amicitia
567 3267 706 3344 copulatis
723 3270 752 3326 et
769 3268 797 3326 in
820 3283 906 3326 unam
930 3266 1104 3329 voluntatem
1127 3288 1201 3346 quo·

103 3353 170 3412 riam
182 3353 323 3428 spirituali
334 3350 486 3410 otrannus
497 3350 713 3426 iguecoullatis,
735 3354 870 3427 tanquam
888 3352 917 3409 iu
931 3351 1045 3412 excelsa
1062 3356 1092 3412 et
1103 3358 1201 3413 sancta

103 3441 133 3495 et
153 3441 262 3496 secreta
284 3435 354 3494 sede
376 3433 561 3509 praesidens,
584 3435 712 3493 velutin
734 3433 821 3493 domo
846 3449 897 3493 sua
919 3439 949 3494 et
970 3437 998 3494 in
1016 3437 1201 3513 templonio,

103 3520 171 3579 iude
193 3537 226 3578 sc
247 3509 419 3596 quibusdam
442 3517 660 3576 ordinatissimis
681 3522 829 3577 creaturae
851 3517 977 3578 molibus
1000 3519 1093 3592 primo
1115 3521 1202 3596 spiri·

103 3601 243 3673 tatalibus,
265 3601 369 3661 deinde
378 3598 577 3674 corporalibus
588 3607 748 3675 percuncta
758 3599 906 3669 diffundit,
928 3605 958 3660 et
968 3603 1057 3660 utitur
1067 3603 1201 3661 omnibus

102 3686 138 3744 ad
162 3682 396 3745 incommutabile
416 3679 565 3742 arbitrium
587 3686 745 3743 sententiae
764 3700 834 3742 suae
852 3683 914 3742 sive
931 3686 1116 3760 incorporeis,
1138 3685 1202 3744 sire

101 3768 251 3844 corporeis
261 3767 357 3838 rebus,
379 3767 440 3825 sive
458 3763 643 3825 rationalibus
661 3767 721 3826 sive
738 3764 957 3838 irrationalibus,
979 3764 1126 3842 spiritibus
1138 3768 1199 3827 sive

102 3843 185 3912 bonis
207 3870 259 3930 per
281 3850 344 3928 ejus
366 3852 505 3926 gratiam,
537 3850 599 3907 sire
622 3848 704 3908 malis
727 3867 777 3924 per
800 3848 945 3926 propriam
968 3848 1143 3908 voluntatem
1163 3847 1200 3928 ³).

138 4017 165 4079 1)
185 4017 214 4067 Ρ.
226 4017 247 4066 l.
265 4014 292 4080 5.
303 4015 325 4066 3.
345 4029 367 4066 a.
380 4017 429 4067 ill.
450 4017 525 4066 Hanc
544 4015 679 4078 praecipue
696 4015 819 4066 rationem
836 4023 908 4078 urget
917 4016 1201 4069 Bossoetcatccbisnre

102 4107 134 4154 dr
154 4105 255 4156 Merui.
277 4105 344 4154 l‘art.
361 4102 396 4153 ll.
416 4103 461 4164 lec.
481 4103 543 4154 xli.
563 4109 609 4152 art.
629 4102 678 4152 lll.

134 4191 162 4251 2)
182 4193 308 4240 Porcios.
324 4189 399 4242 nort.
413 4193 445 4241 in
462 4191 555 4244 Mattlr.
567 4191 583 4241 l.
594 4190 639 4240 lv.
659 4204 682 4252 p.
694 4188 752 4240 ibo.
772 4190 847 4249 taint.
862 4190 950 4252 laugd.)
969 4190 1000 4240 ct.
1012 4191 1088 4252 liupo
1105 4192 1199 4241 Victor.

100 4281 132 4326 de
151 4281 264 4328 Sacram.
286 4277 328 4326 lib.
342 4278 361 4325 1.
382 4278 408 4325 l‘.
425 4279 472 4326 ill.
492 4291 513 4328 c.
531 4277 630 4328 Xlilll.
651 4290 672 4337 p.
687 4277 744 4324 368.

136 4365 160 4424 3)
180 4365 204 4413 S.
220 4364 286 4426 Aup.
305 4363 395 4413 Trinit.
415 4365 466 4420 ΙΙΙ,
488 4363 511 4412 d.
