2910 4936
692 173 815 314 ’33

232 439 306 499 ritus
333 441 450 500 sanchrs
478 455 533 516 per
554 436 704 500 Christum
732 437 813 498 veuit
833 437 870 499 sd
892 433 1081 498 Christianos.
1124 433 1219 515 Caput
1239 452 1353 506 unum,

233 520 365 582 membra
387 521 497 594 multat
530 524 560 582 in
581 539 642 583 uno
662 539 785 598 corpore
804 520 929 600 Spiritus
960 537 1054 592 unus,
1086 519 1169 598 cujus
1190 518 1354 598 plenitudo

233 606 351 685 quidem
373 606 515 683 incapite
537 609 598 678 est,
629 605 808 684 participatio
829 607 859 666 iu
881 603 1064 678 membris¹).
1106 603 1189 679 Quae
1210 603 1353 681 corporis

233 691 346 762 unitas,
367 692 401 749 ut
421 690 508 766 capiti
530 705 584 749 suo
606 688 753 750 inhaereat
773 691 804 749 et
824 691 857 748 ut
876 690 985 760 sciens,
1006 689 1076 766 quia
1097 704 1215 760 omnes,
1236 687 1289 764 qui
1313 705 1352 748 se

232 771 367 850 elongant
386 770 422 832 ab
444 773 525 849 ipso,
548 773 695 849 peribunt,
726 772 819 850 possit
840 771 904 848 ipsa
925 776 1004 832 caste
1025 775 1053 832 et
1073 771 1203 832 suaviter
1223 770 1350 832 dicere:

233 854 326 929 „Mihi
348 853 506 916 adhaerere
521 855 703 916 Dcobonum
719 854 871 918 est“t'illa
891 854 1015 916 charitas
1034 853 1117 926 iacit,
1139 871 1216 932 quae
1237 852 1351 914 diffusa

232 939 328 1000 estin
351 937 489 999 cordibus
509 940 617 1000 nostris
638 939 852 1018 perspiritum
872 943 1030 1014 sanctum,
1045 940 1095 1016 qni
1117 937 1200 998 datus
1221 941 1268 998 est
1289 955 1349 1000 no·

234 1019 327 1105 bis²).
370 1020 510 1083 Creatura
532 1022 627 1084 Deum
649 1024 777 1101 quaerit,
809 1025 837 1082 in
859 1021 970 1100 Spiritu
990 1022 1114 1100 quaerit.
1156 1019 1236 1082 Deus
1259 1038 1348 1082 crea·

234 1111 330 1166 turam
352 1109 465 1182 quaerit
488 1103 618 1187 (semper
638 1107 716 1168 enim
734 1110 765 1167 ut
784 1104 888 1184 gallina
906 1105 1018 1183 pullos,
1037 1107 1077 1166 ita
1095 1122 1269 1184 mnfflegare
1289 1122 1348 1166 nos

233 1187 363 1250 subulis
386 1189 534 1272 exoptat);
556 1191 586 1250 in
603 1188 711 1268 Spiritu
735 1190 856 1268 quaerit.
901 1188 1142 1250 lnveuilurDeus
1163 1188 1346 1266 quaerendo,

232 1275 262 1332 et
284 1274 418 1332 inventus
440 1276 609 1351 quaeritur:
641 1275 670 1334 in
692 1272 802 1351 Spiritu
823 1273 971 1334 invenitur
993 1276 1022 1333 ot
1043 1273 1072 1332 in
1093 1271 1203 1348 Spiritu
1233 1271 1347 1333 iterum

232 1357 391 1432 quaeritur.
434 1355 593 1436 Nunquam
605 1359 681 1417 enim
692 1355 816 1433 Spirihrs
827 1355 941 1418 desistit
951 1356 988 1417 ab
998 1356 1179 1433 inspirando,
1201 1355 1346 1433 urgendo,

232 1439 462 1501 commovendo:
493 1444 576 1517 ipse,
606 1442 635 1500 in
658 1459 717 1518 quo
738 1439 913 1512 clamamus,
945 1437 1026 1504 anna
1048 1443 1145 1515 pater,
1177 1438 1259 1515 ipse,
1289 1439 1345 1517 qui

234 1541 289 1601 pro
310 1522 421 1583 Sanctis
442 1523 596 1602 gemitibus
618 1520 856 1584 inenarrabilibus
878 1521 984 1602 oral³).
1021 1521 1059 1586 ut
1076 1520 1148 1582 haec
1167 1522 1287 1600 quidem
1311 1523 1343 1582 iu

233 1607 321 1666 corde
343 1612 453 1667 nostro.
495 1606 573 1682 Quid
591 1611 689 1668 autem
709 1609 738 1666 in
755 1606 843 1666 corde
857 1603 973 1666 Patris?
995 1605 1076 1668 Sicut
1096 1606 1126 1666 in
1149 1604 1231 1666 nobis
1252 1607 1346 1664 inter·

232 1688 322 1768 pellat
342 1708 395 1769 pro
418 1689 520 1762 nohis;
542 1691 581 1752 ita
602 1692 631 1750 in
653 1686 738 1750 Patre
760 1689 862 1752 delicta
884 1690 972 1751 donat
992 1705 1061 1752 cum
1082 1685 1259 1768 iptoPatre‚
1281 1687 1345 1750 Do·

232 1777 330 1835 minus
352 1778 450 1836 noster
470 1777 500 1834 in
521 1773 609 1836 corde
631 1771 731 1834 Patris.

264 1903 266 1906 -
317 1858 418 1936 ltaque
439 1859 517 1936 quud
547 1856 745 1935 postulamus,
777 1857 856 1918 idem
877 1858 940 1934 ipse
962 1856 1064 1929 donat,
1097 1856 1147 1935 qui
1169 1855 1275 1929 donat,
1308 1861 1346 1920 ut

231 1939 477 2018 postulemus-
498 1940 552 2002 llle
573 1942 667 2000 unitas
688 1942 777 2000 totius
798 1958 897 2000 rerum
920 1944 1056 2002 naturae:
1079 1944 1112 2000 ut
1128 1939 1255 2005 mundus
1278 1942 1345 2002 sine

231 2025 313 2095 sole,
348 2027 387 2084 ita
419 2022 576 2102 spiritualis
608 2027 737 2084 creatura
760 2027 822 2086 sine
843 2021 953 2099 Spiritu
974 2028 1082 2085 sancto.
1125 2021 1222 2097 Quem
1246 2041 1344 2101 quum

232 2107 262 2166 in
292 2107 432 2184 principio
461 2108 692 2184 repulissemus,
722 2124 801 2168 mors
823 2108 853 2168 in
885 2107 1028 2168 mundum
1057 2108 1191 2181 intravit,
1220 2110 1343 2168 etcum

232 2193 327 2251 morte
349 2192 391 2250 ira
412 2193 441 2250 et
463 2191 562 2251 odium
584 2195 613 2250 et
646 2191 777 2268 angustia
798 2195 827 2250 et
847 2196 941 2252 terror
961 2195 991 2250 et
1021 2192 1149 2252 taedium
1178 2191 1277 2262 vitae,
1309 2194 1344 2251 et

231 2274 362 2351 regnavit
383 2291 479 2346 mors,
513 2275 604 2335 donec
625 2273 758 2336 Christus
790 2273 1020 2336 maledictionem
1041 2275 1071 2335 in
1102 2291 1188 2336 cruce
1209 2273 1340 2336 sustulit.

231 2358 271 2418 Et
292 2376 345 2435 per
364 2356 503 2436 Spiritum
525 2360 618 2419 crucis
640 2359 811 2436 mysterium
835 2357 917 2418 nobis
939 2356 1100 2430 revelatur,
1122 2361 1155 2416 ut
1186 2359 1343 2420 credentes

233 2456 326 2501 unum
347 2444 459 2513 simus,
481 2441 652 2502 sicutPater
673 2445 702 2501 et
713 2439 807 2502 Filius
821 2442 904 2501 toan.
915 2439 1013 2511 XVll,
1035 2439 1085 2504 23.
1116 2440 1212 2520 Atque
1233 2443 1344 2504 iterum

230 2525 355 2603 imperat
374 2525 491 2585 coelum
512 2527 540 2585 in
552 2524 700 2597 Ecclesia,
723 2529 753 2585 et
762 2521 893 2585 Ecclesia
913 2527 943 2585 iu
964 2523 1056 2586 coelo.
1085 2523 1242 2602 Templum
1260 2525 1343 2586 euim

231 2608 356 2685 Spiritus
378 2611 467 2669 sancti
490 2607 519 2670 S.
542 2607 672 2668 Ecclesia
693 2611 722 2668 ei
750 2607 973 2688 unusquisque,
1004 2609 1056 2686 qui
1078 2625 1131 2683 per
1151 2609 1229 2672 viani
1250 2625 1343 2671 uuam

190 2689 192 2694 ’
231 2695 261 2752 et
290 2693 396 2753 ostium
418 2694 448 2752 iu
469 2691 629 2753 Ecclesiam
660 2691 819 2752 intraverit.
842 2723 884 2738 -
913 2691 953 2752 ut
972 2690 1047 2752 sicut
1067 2691 1194 2768 Spiritus
1224 2695 1343 2754 sanctus

230 2791 288 2853 pax
309 2777 339 2836 et
360 2775 479 2838 deliciae
500 2776 551 2838 SS.
573 2775 719 2836 Trinitatis
754 2778 935 2846 nominatur,
962 2774 1002 2839 iu
1023 2776 1110 2838 etiam
1132 2774 1216 2836 nohis
1237 2793 1343 2852 pacem

230 2863 260 2920 et
270 2861 407 2938 gaudium
419 2877 487 2920 cum
498 2859 635 2920 charitate
647 2856 743 2919 attulit
752 2857 828 2934 Eph.
843 2860 879 2930 11,
893 2853 1026 2919 114-18,
1048 2857 1150 2921 Matth.
1162 2857 1199 2930 V,
1222 2857 1271 2918 11.
1289 2857 1341 2922 12.

229 2943 404 3015 Romvlll,
417 2943 447 3003 6.
470 2941 550 3010 XlV.
563 2942 611 3002 17.
634 2941 700 3012 XV,
713 2939 762 3002 13.
784 2939 879 3003 lCor.
891 2943 913 3016 1,
926 2939 955 3002 3.
978 2941 1005 3000 11
1015 2938 1083 3001 Cor.
1093 2942 1116 3010 l,
1128 2940 1157 3001 2.
1175 2942 1261 3003 Rom.
1273 2942 1298 3015 1,
1308 2941 1341 3002 7.

230 3027 276 3099 ll,
300 3026 349 3088 10.
372 3025 496 3104 Philipp.
521 3026 566 3096 ll,
590 3023 680 3085 1-5.
705 3024 754 3097 lV,
776 3024 805 3083 i.
828 3024 892 3086 Gal.
912 3025 948 3098 V,
969 3021 1020 3086 22.
1042 3023 1120 3102 Eph.
1141 3023 1177 3098 V,
1199 3024 1229 3084 9.
1251 3026 1339 3086 Joau.

232 3108 313 3182 XVl,
335 3108 388 3170 21.
405 3108 455 3168 33.
473 3106 648 3180 11111111,
672 3105 805 3169 rit-16.
828 3110 854 3171 ll
873 3107 941 3170 Cor.
954 3109 988 3180 V,
1011 3105 1113 3177 6-3..
1137 3127 1173 3170 ue
1194 3106 1342 3172 felicitatis

166 3265 168 3268 ¹
231 3191 378 3266 infinitae,
401 3210 459 3270 qua
481 3193 561 3253 Deus
582 3194 645 3252 siue
669 3193 882 3254 intermissione
902 3191 1028 3264 fruitur,
1049 3192 1149 3258 radius
1170 3195 1199 3254 in
1221 3191 1276 3254 hac
1297 3192 1342 3252 la·

231 3293 397 3354 crymarum
418 3276 495 3337 valle
516 3275 599 3336 nobis
622 3276 705 3336 desit.

315 3359 432 3428 Amoris
453 3360 625 3438 plenitudo,
647 3377 723 3438 quae
740 3359 803 3434 ipse
817 3361 862 3418 est
881 3360 911 3419 et
928 3376 1017 3438 qttam
1035 3359 1062 3420 in
1077 3363 1224 3426 creaturas
1246 3358 1341 3418 effim-

232 3444 289 3516 dii,
312 3443 450 3522 insignis
472 3445 578 3514 etiam,
601 3442 707 3521 quibus
729 3459 761 3502 se
775 3441 941 3504 hominibus
953 3441 1106 3503 visibiliter
1128 3440 1340 3517 manifestabat,

230 3528 365 3608 apparuit
374 3524 407 3608 ⁴).
451 3527 531 3590 Sicut
553 3525 687 3588 columba
709 3524 855 3586 ferebatur
874 3543 964 3602 supra
984 3524 1101 3597 luunt,
1123 3544 1190 3589 cum
1212 3525 1343 3603 baptiza·

269 3770 295 3832 1)
315 3769 394 3834 raupa
411 3769 470 3821 uer.
491 3767 523 3818 re
541 3753 656 3820 sacram.
676 3766 721 3818 nn.
739 3765 775 3816 u.
795 3765 824 3816 a.
843 3766 877 3816 11.
896 3779 919 3818 c.
939 3766 960 3818 1.
978 3781 1004 3830 p.
1023 3763 1084 3820 tta.

266 3855 297 3914 2)
316 3857 437 3921 Fotpant.
450 3855 481 3907 ad
496 3854 606 3908 Monim.
624 3855 669 3906 lib.
679 3854 714 3906 11.
733 3853 832 3919 caux.
851 3869 877 3919 p.
887 3852 937 3916 311..
956 3854 984 3906 in
1002 3868 1053 3918 quo
1072 3855 1154 3919 capite
1171 3855 1246 3919 plutt
1264 3869 1341 3920 prue-

229 3945 300 3996 clare
319 3943 351 3995 de
370 3957 456 4000 amore
475 3942 586 4007 Spiritus
604 3942 725 4002 disserit,
744 3955 822 4005 quern
840 3943 867 3994 iu
887 3947 1018 3996 creaturas
1037 3943 1167 3998 diffundit.

225 4071 227 4076 .
269 4030 297 4097 3)
315 4032 339 4082 S.
358 4031 492 4082 Barnord
511 4031 593 4082 serm.
612 4030 634 4081 1.
652 4030 679 4081 in
697 4030 802 4082 Pentec.
820 4027 891 4080 11.-1.
909 4043 935 4093 p.
955 4027 1017 4084 313.
1036 4031 1075 4084 ct
1091 4031 1256 4097 splendidam
1275 4031 1340 4086 Gor-

231 4119 294 4172 nelii
313 4132 328 4169 a
347 4118 444 4180 Lepide
463 4117 650 4181 expositionem
668 4117 695 4168 in
713 4118 789 4168 Rom.
809 4117 885 4168 vili.

266 4204 297 4266 1)
317 4207 355 4258 ci.
376 4204 407 4254 de
426 4203 585 4267 apparitione
602 4203 714 4266 spiritus
733 4204 818 4255 sancti
842 4203 891 4254 sub
913 4203 1000 4268 specie
1026 4205 1160 4262 columbae
1179 4207 1288 4262 samu.
1307 4207 1339 4261 de

233 4291 416 4346 carueChriiti
434 4304 456 4341 c.
471 4291 528 4350 111,
547 4289 592 4353 qni
610 4291 675 4342 taisc
693 4290 853 4355 hypostatice
871 4303 928 4344 eum
946 4303 1006 4344 cum
1025 4293 1122 4358 Spiritu
1140 4296 1239 4347 unitum
1256 4295 1339 4347 luisse

233 4383 361 4448 opinatur.
396 4381 467 4433 Beue
485 4378 517 4432 de
535 4391 565 4432 ea
583 4377 610 4436 S.
627 4378 793 4446 Auptutinur
813 4379 906 4434 Trinit.
918 4381 967 4444 iv,
983 4380 1036 4444 21..
1062 4383 1186 4439 Ethenut
1201 4388 1228 4436 et
1239 4382 1339 4438 uentus
