2910 4936
669 247 716 320 17

138 442 294 510 oculorum
321 443 497 524 hebetudine
523 445 684 525 praepediti
713 463 729 506 a
756 449 836 508 recto
862 447 989 508 ventris
1014 448 1245 532 immitendacli-

139 546 255 592 nemus.
298 529 379 592 Haec
399 531 436 590 de
457 531 508 603 iis,
540 531 646 609 quibus
667 531 703 590 ad
724 532 937 610 cognoscendas
962 530 1155 594 Personarum
1177 552 1244 612 pro·

138 617 277 694 prietates
308 631 344 675 ex
366 614 569 676 essentialibus
606 611 751 676 attributis
781 616 984 693 perveniamus
1002 614 1049 693 ¹),
1079 618 1155 678 dicta
1181 616 1244 680 sul-

138 697 245 760 ficiunt

224 779 357 841 Difficilis
382 783 480 841 autern
505 785 550 841 est
571 781 607 841 de
633 780 758 858 Spiritus
780 782 871 843 sancti
892 781 1117 860 proprietatibus
1137 802 1171 846 ac
1192 801 1245 846 no-

139 864 268 926 minibus
289 865 456 941 dispulatio,
480 881 547 924 nrm
568 867 645 924 inter
665 865 775 926 divinas
796 868 995 943 processiones
1016 866 1081 940 itia,
1102 885 1178 947 quae
1199 873 1245 930 est

139 967 194 1028 per
210 948 330 1008 modum
347 949 472 1022 amoris,
501 947 650 1009 obscurior
671 948 754 1010 nobis
775 953 838 1021 est,
862 967 957 1027 neque
974 955 1125 1029 propriam
1141 969 1244 1013 nomen

140 1030 237 1093 habet.
279 1029 377 1093 Filias
398 1035 476 1092 enim
497 1033 667 1094 relationem
687 1033 725 1092 ad
745 1031 860 1094 Patrem
881 1033 1003 1104 indicat,
1026 1039 1056 1094 ct
1076 1038 1139 1096 vics
1160 1051 1244 1097 versa

140 1113 234 1178 Patris
256 1133 362 1176 nomen
383 1115 419 1176 ad
441 1114 558 1188 Filium,
580 1121 624 1177 est
645 1117 723 1176 enim
746 1114 828 1176 Pater
850 1134 896 1190 eo,
918 1117 996 1194 quod
1017 1115 1125 1179 Filium
1146 1117 1243 1180 habet.

140 1199 341 1276 Quaecunque
363 1203 461 1260 sutem
482 1201 599 1260 nomina
621 1201 723 1262 tertiae
743 1215 886 1276 personae
907 1199 1121 1275 attribuuntur,
1154 1200 1243 1279 hujus

139 1282 175 1343 ad
198 1285 325 1342 caeteras
347 1298 484 1358 personas
510 1282 679 1344 relationem
711 1301 767 1344 non
789 1287 890 1360 aperte
910 1283 1055 1361 explicant
1083 1287 1170 1363 atque
1192 1284 1244 1346 de·

140 1366 264 1442 signant.
307 1364 408 1444 ltaque
428 1368 545 1428 nomine
562 1367 754 1444 processionis
773 1367 837 1444 ipso
858 1369 958 1428 modus
971 1369 1163 1446 processionis
1185 1385 1244 1428 non

139 1447 294 1508 denotatur
314 1452 344 1508 et
364 1450 529 1524 relationes,
552 1467 627 1528 quae
648 1469 684 1510 er
705 1449 873 1528 hujusmodi
896 1451 1081 1528 processione
1101 1453 1242 1526 oriuntur,

137 1531 334 1592 innominatae
354 1537 430 1592 sunt
474 1532 602 1594 Vocatur
623 1535 741 1611 quidem
769 1531 871 1594 relatio
892 1534 1027 1612 principii
1049 1535 1243 1611 processionis

136 1615 270 1694 spiratio,
292 1614 396 1677 relatio
416 1617 599 1693 procedentis
617 1617 779 1694 processio,
813 1617 864 1677 sed
886 1614 958 1677 haec
979 1618 1037 1677 duo
1068 1620 1185 1678 uomina
1206 1616 1243 1678 ad

138 1701 217 1777 ipsas
239 1701 439 1777 processiones
460 1699 507 1762 vel
529 1702 653 1778 origines
668 1701 822 1779 pertinent,
845 1717 903 1760 non
924 1700 959 1760 ad
971 1699 1135 1760 relationes.
1156 1701 1244 1762 Prae

136 1785 218 1842 terea
233 1787 345 1860 praeter
365 1782 484 1862 ditipere
498 1787 528 1843 et
546 1802 656 1855 amare,
677 1801 753 1862 quae
770 1785 928 1860 importent
938 1781 1243 1844 habitudinemaman-

136 1865 175 1924 tis
196 1865 232 1926 ad
258 1882 320 1926 rem
337 1870 461 1926 amatam
486 1862 527 1948 (et
547 1869 584 1927 ita
606 1866 793 1928 crsmtiatiter
815 1864 970 1946 dicuntur),
992 1883 1049 1927 nou
1065 1871 1133 1926 sunt
1147 1867 1244 1945 aliqua

135 1948 278 2008 vocabula
298 1949 443 2026 imposita,
465 1967 541 2028 quae
563 1953 721 2028 important
740 1949 935 2010 habitudinem
956 1951 1047 2026 ipsius
1076 1951 1242 2028 inpressio-

134 2030 250 2092 eirvei
272 2032 432 2094 affectionis
453 2034 496 2094 rei
518 2038 647 2102 amatae,
669 2051 743 2113 quae
766 2033 900 2111 provenit
921 2033 950 2092 in
971 2037 1087 2094 amante
1107 2051 1143 2093 ex
1177 2033 1242 2108 hoa,

136 2114 215 2193 quod
240 2118 335 2185 amat,
360 2117 397 2176 ad
419 2117 702 2196 suumprincipium
724 2119 754 2177 et
774 2135 792 2178 e
813 2119 964 2186 conuerso,
986 2117 1103 2178 etvideo
1124 2121 1244 2196 propter

135 2198 346 2260 vocabulorum
367 2199 496 2277 inopiam
517 2199 685 2279 hujusmodi
698 2199 882 2262 habitudines
899 2198 1093 2278 significamus
1114 2199 1242 2261 vocabu·

135 2279 173 2342 lis
194 2285 302 2343 canoras
324 2287 353 2342 et
375 2283 544 2356 dilectionis,
567 2285 642 2345 sicut
662 2286 687 2344 si
708 2283 831 2345 verbum
852 2285 1069 2345 nominaremus
1084 2283 1243 2362 intelligen-

136 2365 209 2426 tiam
230 2374 391 2446 conceptam
413 2366 461 2427 vel
482 2367 653 2446 sepianum
672 2371 816 2448 penitam
846 2383 921 2444 quae
949 2366 1088 2428 vocabula
1118 2387 1155 2428 ex
1186 2385 1242 2428 usu

136 2448 318 2528 loquentium
326 2449 362 2509 ad
375 2448 590 2528 significandam
599 2453 726 2512 divinam
739 2463 892 2528 personam
901 2451 1192 2511 suntaccommodata
1202 2447 1238 2531 ²).

222 2531 288 2592 Hoc
308 2532 427 2611 quidem
449 2551 486 2593 ex
507 2551 544 2594 eo
565 2535 675 2606 oritur,
698 2533 776 2612 quod
797 2531 847 2593 illa
868 2534 955 2593 animi
978 2549 1060 2609 pars,
1089 2549 1162 2610 quae
1183 2537 1243 2592 ten

136 2615 195 2676 tias
215 2633 357 2692 personae
378 2616 598 2676 similitudinem
621 2617 747 2676 maxime
778 2633 848 2695 prae
869 2632 901 2676 se
922 2615 986 2685 lert,
1008 2617 1100 2696 magis
1120 2615 1242 2694 caligine

136 2699 269 2762 involuta
289 2703 320 2759 et
338 2699 407 2760 ideo
427 2701 464 2762 ad
485 2698 703 2778 intelligendum
725 2716 782 2760 non
802 2701 842 2760 ita
863 2703 959 2777 aperta
982 2704 1035 2772 est,
1062 2703 1095 2758 ut
1110 2698 1243 2760 intellec-

137 2787 194 2844 tus.
226 2781 303 2843 Ante
326 2787 475 2859 peccatum
498 2784 576 2844 enim
602 2782 739 2863 originale
760 2783 893 2843 diversae
914 2782 1003 2841 animi
1024 2781 1173 2843 facultates
1193 2799 1242 2842 so·

111 2866 202 2948 ,ciali
224 2867 350 2928 amicitia
370 2865 600 2944 copulabantur,
621 2867 712 2927 altera
732 2865 815 2926 alteri
844 2866 942 2944 pervia
971 2867 1000 2925 et
1025 2864 1105 2943 justo
1139 2864 1241 2925 ordine

135 2967 239 3012 omnes
260 2951 337 3010 inter
357 2969 391 3010 se
410 2965 568 3011 connexae.
611 2949 752 3013 Voluntas
773 2951 914 3011 rationem
930 2947 1115 3028 sequebatur,
1137 2946 1242 3009 voluu-

135 3037 225 3094 tetem
247 3032 430 3103 intellectusr
460 3033 621 3112 intelligere
651 3033 735 3110 plura
756 3037 786 3094 et
807 3035 898 3111 magis
919 3031 1052 3093 voluntas
1073 3050 1131 3094 non
1153 3047 1242 3109 appe-
1354 3107 1356 3111 ,
1451 3083 1452 3098 l

135 3117 224 3190 tebet,
246 3133 335 3196 qnam
355 3116 520 3178 intellectus
540 3119 689 3196 percipere
706 3119 817 3195 potuit;
830 3115 1007 3178 intellectus
1021 3133 1092 3176 vero
1108 3115 1240 3184 omnium

136 3217 258 3269 rerum,
280 3218 468 3278 quascunque
490 3199 624 3263 voluntas
646 3200 847 3272 desiderabat,
870 3199 1001 3260 notitiam
1022 3199 1050 3258 ei
1071 3199 1242 3276 suppedita-

135 3283 195 3344 bat.
239 3281 346 3344 Omnic
366 3285 460 3345 cordis
482 3285 624 3346 desideria
647 3283 734 3344 homo
756 3281 944 3361 cognoscebat
964 3286 995 3343 et
1015 3283 1112 3344 varios
1133 3282 1239 3344 volun·

135 3368 337 3438 intimatus,
368 3369 452 3428 sicuti
483 3387 499 3429 e
529 3370 673 3429 contrario
702 3365 865 3427 intellectus
894 3365 1076 3448 operationes
1104 3365 1240 3429 voluntas

139 3469 177 3512 ex
205 3449 298 3510 libero
327 3449 445 3512 arbitrio
472 3455 504 3511 et
532 3451 643 3530 legibus
671 3451 778 3512 divinis
800 3449 1016 3511 moderabatur.
1050 3447 1241 3512 Cum'autem

135 3538 236 3596 contra
264 3532 359 3594 Deum
390 3539 419 3594 et
447 3534 605 3596 Dominum
637 3539 771 3596 nostrum
801 3535 1049 3610 peccavissemus‚
1078 3533 1242 3594 intellectus

135 3616 320 3678 illusionibus
342 3620 386 3678 est
406 3617 565 3696 impletus,
594 3635 667 3696 quas
697 3617 831 3680 uoluntas
856 3633 923 3677 raro
951 3618 1119 3694 dispergere
1139 3621 1169 3676 et
1191 3632 1242 3676 re-

135 3699 249 3778 pellere
270 3703 384 3777 potest;
404 3699 555 3778 phantasia
574 3702 712 3780 imagines
733 3719 833 3762 rerum
852 3699 940 3762 falsas
959 3705 1092 3771 sectatur,
1114 3699 1242 3776 congerit

135 3786 165 3846 in
187 3785 335 3844 memoria·
350 3788 378 3844 et
388 3786 644 3864 inquietasenrper
654 3784 807 3859 connectit,
830 3781 944 3858 lormat,
965 3785 1110 3860 discerpit,
1133 3784 1239 3844 iterum

135 3868 293 3943 componit,
315 3881 433 3928 scurrae
454 3885 607 3944 personam
630 3871 660 3928 et
680 3872 888 3946 partesagcns,
909 3871 943 3928 ut
962 3867 994 3929 S.
1014 3865 1152 3927 Therasia
1173 3884 1241 3928 con-

135 3969 208 4029 grue
230 3950 323 4025 dixit3
355 3950 481 4012 ooiircita
502 3951 676 4029 petulantior
708 3951 864 4028 aliquando
886 3952 955 4022 exit,
976 3949 1091 4012 vincula
1108 3950 1241 4030 indigna-

134 4033 233 4096 bunda
253 4034 402 4094 interdum
423 4031 534 4114 trangit,
556 4040 586 4095 cl
607 4034 706 4096 lusum
728 4040 757 4096 et
768 4036 950 4114 tyrannidem
969 4039 1094 4106 exercet,
1115 4037 1144 4096 in
1165 4035 1240 4095 ima·

172 4192 201 4264 1)
218 4196 255 4248 ci.
273 4196 307 4248 D.
326 4197 439 4248 Thomas
456 4192 556 4248 Suram.
569 4195 600 4259 Q.
616 4194 744 4247 XXXIX.
758 4207 783 4246 a.
795 4193 821 4246 o.
848 4195 873 4246 s
892 4147 1043 4248 beassent.
1059 4195 1191 4258 urevuoq.
1207 4193 1241 4248 P.

136 4283 410 4347 bmfflw.-
570 4291 575 4298 “

172 4371 199 4435 2)
217 4371 252 4424 u.
267 4373 381 4424 Thamar
395 4371 493 4428 Surum.
511 4373 544 4441 Q.
560 4370 686 4428 xxxvi.
698 4383 721 4425 a.
738 4371 763 4424 1.
