2910 4936
746 297 795 366 70

285 491 351 555 Alia
371 491 519 570 praeterea
541 492 610 549 sunt
630 486 714 562 dona,
735 507 810 568 quae
832 507 948 570 semper
968 496 1037 552 sunt
1057 509 1125 552 cum
1144 491 1266 573 Spiritu,
1288 501 1322 558 ut
1435 551 1436 564 ,

223 574 349 636 charitas
371 575 401 632 et
421 573 578 651 sapientia,
610 572 686 645 alia,
718 590 794 651 quae
822 591 971 652 nunquam
999 578 1067 636 sunt
1089 594 1157 651 cum
1179 578 1260 656 ipso,
1287 582 1321 640 up
1435 585 1436 604 .

222 660 310 720 timor
330 656 453 727 servilis,
475 655 541 724 alia,
563 673 639 732 quae
660 655 813 734 ahquando
834 660 903 718 sunt
923 674 991 718 cum
1012 656 1122 736 Spiritu
1136 661 1248 734 sancto,
1268 660 1322 722 ali·
1435 665 1436 684 ¹

222 743 337 822 quando
358 742 420 800 siue
436 740 507 818 Ipso,
529 742 562 799 ut
577 737 659 812 hdes,
680 740 830 818 prophetia
847 744 877 800 et
894 737 1034 818 ejusmodi
1046 738 1080 825 ¹).

304 825 387 888 Haec
407 839 478 882 vero
509 821 582 881 dona
610 824 721 897 gratiae
750 817 841 904 (quae
870 824 955 900 quasi
983 824 1155 886 illuminatio
1184 822 1247 910 esi)
1276 825 1324 887 lu-

221 910 301 970 mIna
340 909 425 978 sunt,
461 904 652 966 illuminantia
684 924 748 978 eos,
779 907 830 984 qui
866 923 900 966 se
935 909 1128 986 participant3
1162 912 1192 970 ct
1226 912 1323 972 omnis

221 993 315 1068 gratia
345 989 381 1050 ab
418 1006 476 1048 uno
511 986 591 1048 fonte
619 988 767 1050 descendit
804 994 835 1050 et
863 991 957 1050 omnis
989 990 1160 1052 illuminabo
1193 992 1230 1052 ab
1261 1011 1322 1053 uno

220 1075 348 1136 lumine:
381 1074 410 1131 et
440 1071 525 1132 multi
554 1075 622 1132 sunt
653 1073 725 1132 radii
763 1076 794 1133 et
822 1091 914 1134 unum
946 1073 1044 1134 lumen
1057 1071 1090 1156 ²).
1133 1073 1322 1157 Quapropter

221 1158 346 1238 Spiritus
372 1158 489 1216 sanctus
517 1157 563 1214 est
583 1155 708 1227 donum,
738 1173 796 1234 quo
825 1157 923 1216 omnia
950 1157 1022 1217 dona
1052 1158 1163 1218 scilicet
1191 1161 1323 1234 gratuita

220 1243 363 1302 donantur
378 1250 435 1318 'per
459 1240 727 1310 concomitantiam,
757 1243 788 1299 et
815 1257 872 1317 quo
899 1241 995 1300 omnia
1025 1240 1081 1301 Dei
1113 1240 1186 1302 dona
1208 1241 1324 1302 donan-

220 1329 270 1384 tur
301 1342 354 1404 per
389 1322 615 1400 exemplaritatis
647 1339 781 1394 causam,
814 1321 1059 1401 periectIssimum
1101 1327 1179 1384 euim
1210 1324 1320 1388 honum

221 1409 320 1480 Deus,
349 1408 378 1466 et
406 1408 435 1465 in
465 1407 527 1484 ipso
548 1405 643 1465 omnia
674 1407 742 1465 sunt
765 1424 816 1484 per
838 1407 1026 1468 eminentiam
1040 1403 1074 1489 ³).
1117 1407 1148 1468 Si
1169 1409 1247 1467 enim
1270 1407 1322 1470 ad·

220 1493 316 1564 venit,
346 1488 397 1568 qui
429 1489 576 1547 Infinitum
604 1491 763 1563 gratiarum
794 1489 969 1549 thesaurum
999 1489 1142 1568 possidet,
1164 1490 1320 1570 locupletat

221 1577 348 1635 animam
369 1573 504 1632 dilectam
525 1573 568 1630 tot
587 1571 686 1644 bonis,
716 1573 786 1649 quot
815 1573 944 1651 recipere
964 1575 1075 1651 potest;
1104 1592 1163 1651 quo
1184 1574 1318 1635 humiIIor

223 1662 280 1724 est,
304 1675 339 1716 eo
360 1656 493 1736 pluribus
523 1655 680 1716 virtutibus
708 1658 738 1714 et
766 1656 868 1730 gratiis
899 1656 1044 1734 repletur3
1077 1675 1165 1730 nam,
1196 1659 1249 1736 qui
1276 1659 1317 1717 in-

221 1739 334 1802 habitat
356 1758 432 1812 earn,
456 1742 557 1816 potens
579 1741 633 1811 est,
656 1756 743 1816 supra
764 1755 880 1798 omnem
901 1741 1103 1815 cogitationem
1124 1743 1192 1801 vota
1207 1743 1320 1802 animae

222 1825 360 1885 exaudire
369 1819 402 1906 ⁴).
444 1819 542 1894 Quam
563 1820 599 1882 ob
622 1839 741 1880 causam
762 1821 889 1900 Spiritus
910 1824 1019 1899 gratiae
1042 1823 1157 1882 nomine
1179 1818 1321 1906 (πνεῦμα

178 1949 183 1959 .
222 1910 282 1978 τῆς
310 1901 466 1986 χάριτος)
489 1905 642 1965 decoratur
663 1904 754 1965 Hehr.
777 1905 817 1977 X,
839 1905 889 1965 29.
932 1905 962 1966 Is
983 1908 1082 1967 autem
1103 1909 1234 1968 omnium
1255 1907 1321 1986 Spi-

221 1993 298 2052 ritus
320 1990 349 2049 S.
372 1988 573 2066 operationum
594 1988 669 2059 smis‚
690 1991 723 2049 ut
744 2006 796 2066 per
816 1987 907 2048 Verbi
927 1989 1069 2050 incarnati
1090 1993 1120 2048 et
1141 1990 1200 2049 dati
1214 1990 1321 2051 illumi-

221 2075 370 2134 nationem
392 2075 421 2129 et
442 2071 567 2148 Spiritus
589 2070 687 2131 Sancti
709 2071 809 2150 spirati
830 2075 859 2130 et
881 2072 978 2131 donati
999 2072 1256 2133 iussammationem
1272 2092 1320 2134 re-

221 2157 364 2217 ducamur
385 2154 420 2212 ad
450 2153 585 2214 luminosi
614 2157 643 2214 et
673 2155 797 2214 amorosi
825 2156 921 2217 Patris
942 2173 1042 2216 veram
1065 2157 1269 2232 cogitationem
1290 2159 1320 2216 et

221 2239 365 2302 fervidam
387 2237 569 2297 dilectionem
590 2240 620 2297 et
641 2257 678 2297 ex
698 2237 743 2298 his
765 2237 801 2296 ad
823 2235 885 2315 ejus
907 2237 1066 2317 perfectam
1088 2241 1236 2300 untonem.
1258 2239 1318 2300 Ista

222 2325 300 2384 enim
322 2322 390 2381 unio
412 2324 457 2380 esi
479 2320 545 2380 hnIs
567 2321 724 2396 largitionis
745 2320 907 2392 luminum,
928 2325 962 2381 ut
983 2325 1039 2402 per
1056 2342 1121 2383 eam
1142 2323 1318 2384 reducamur

221 2407 258 2466 ad
280 2406 370 2484 patris
394 2404 527 2464 deificam
549 2405 763 2483 simplicItatem
786 2405 815 2464 et
835 2403 994 2483 perfectam
1015 2408 1156 2466 unitatem
1166 2401 1200 2489 ⁶).
1244 2406 1318 2468 Cum

221 2489 332 2568 Spiritu
355 2489 432 2546 enim
453 2492 483 2547 et
503 2487 594 2548 Filius
616 2490 646 2546 et
667 2488 754 2548 Pater
776 2487 804 2544 iu
826 2489 953 2548 ammam
974 2490 1099 2562 Intrant,
1122 2492 1151 2548 et
1172 2491 1232 2549 tota
1254 2488 1320 2550 Tri-

220 2575 296 2633 nitas
325 2574 505 2632 mansionem
536 2572 565 2628 in
597 2589 631 2631 ea
654 2572 752 2630 sumit.
794 2569 916 2632 Revelat
937 2573 1014 2630 enim
1035 2573 1126 2634 Filius
1148 2590 1180 2632 se
1201 2573 1318 2653 ipsum,

220 2657 268 2717 cui
289 2655 371 2727 vult3
400 2655 510 2716 revelat
530 2656 560 2712 et
580 2655 685 2725 Pater,
712 2653 823 2714 revelat
844 2656 942 2714 autem
964 2657 1026 2714 sine
1049 2655 1136 2715 dubio
1156 2675 1209 2736 per
1230 2673 1317 2716 oscu-

220 2740 292 2811 lum,
315 2739 369 2798 hoc
391 2742 436 2798 est
457 2737 598 2816 Spiritum
620 2737 763 2798 sanctum.
805 2737 843 2797 Et
864 2737 958 2797 dando
979 2737 1129 2817 Spintum,
1151 2757 1203 2816 per
1227 2757 1317 2815 quem

198 2823 339 2892 revelat,
361 2823 450 2881 etiam
472 2823 568 2901 ipsum
589 2820 707 2893 revelat,
730 2820 822 2880 dando
843 2821 954 2882 revelat
975 2825 1005 2881 et
1025 2823 1180 2882 revelando
1200 2817 1290 2906 datl).

280 2907 441 2982 Postquam
462 2906 549 2980 igitur
570 2923 621 2984 per
649 2903 854 2963 abstinentiam
883 2904 919 2963 ad
941 2903 1082 2982 Spiritum
1112 2905 1316 2983 pervenimus,

219 2987 383 3050 humilitate
414 2989 487 3049 uniti
515 3005 583 3047 cum
614 2988 677 3064 ipso
698 3005 818 3058 sumus3
847 2988 950 3066 pignus
980 2987 1105 3066 denique
1131 2988 1316 3049 haereditatis

219 3072 300 3132 nobis
322 3071 446 3131 efficitur
466 3071 541 3150 Eph.
563 3069 591 3139 I,
614 3071 642 3130 3.
665 3067 693 3130 ΙΙ
716 3070 780 3131 Cor.
802 3069 831 3143 I,
853 3071 905 3131 21.
926 3071 994 3143 22..
1025 3075 1055 3132 et
1083 3072 1186 3151 pignus
1215 3072 1316 3132 salutis

218 3154 277 3216 Tit.
299 3154 351 3225 ΙΙΙ,
373 3156 403 3215 7.
425 3155 511 3215 Rom.
533 3153 620 3224 VIII,
643 3153 793 3214 23-26.
816 3156 845 3212 ei
867 3172 949 3232 spem
980 3153 1058 3215 vitae
1079 3155 1218 3226 infundit,
1240 3171 1316 3231 quae

135 3309 137 3315 .
219 3255 275 3298 non
298 3237 460 3308 contundit,
493 3238 560 3316 quia
583 3236 715 3298 Charitas
737 3235 791 3295 Dei
812 3237 916 3297 diffusa
938 3239 982 3296 est
1003 3237 1032 3296 in
1054 3237 1188 3298 cordibus
1209 3238 1316 3298 nostris

219 3320 304 3382 Rom.
327 3321 364 3394 V,
387 3321 416 3382 5.
441 3321 538 3392 ¹Tanta
561 3339 628 3396 cum
648 3321 706 3380 siut
727 3319 818 3396 ipsius
840 3320 914 3379 dona
935 3322 965 3378 et
987 3322 1166 3398 praesentIae
1186 3319 1315 3392 ubertas,

219 3404 338 3478 intelligi
361 3408 456 3483 potest
478 3403 592 3464 celeber
614 3403 661 3462 ille
682 3403 813 3480 Apostoli
835 3403 916 3463 locus
936 3402 1030 3464 Hebr.
1052 3403 1104 3477 VI,
1127 3403 1220 3464 5-7.

282 3487 480 3566 «Impossibile
501 3489 546 3547 est
566 3505 625 3559 eos,
648 3488 697 3563 qui
725 3485 814 3545 semel
836 3489 904 3546 sunt
926 3486 1095 3558 illuminati,
1117 3488 1310 3561 gustaverunt

122 3588 126 3593 ·
218 3571 306 3630 etiam
336 3573 443 3631 donum
474 3571 598 3631 coeleste
629 3571 659 3628 et
686 3571 840 3647 participes
862 3567 931 3628 iacti
959 3572 1028 3630 sunt
1056 3569 1182 3647 Spiritus
1203 3568 1315 3637 sancti,

219 3657 412 3730 gustaverunt
433 3655 619 3715 nihilominus
639 3651 748 3714 bonum
769 3653 825 3714 Dei
846 3651 970 3714 verbum
997 3653 1180 3730 virtutesque
1200 3651 1317 3714 venturi

270 3823 295 3886 1)
315 3823 342 3873 S.
359 3822 511 3872 Bonooont
530 3819 557 3870 in
574 3819 596 3870 1.
612 3819 680 3870 sent.
698 3820 730 3870 D.
747 3819 848 3873 XVIII.
868 3833 891 3870 a.
911 3821 934 3870 1.
952 3819 983 3882 Q.
1001 3817 1020 3870 1.
1058 3819 1181 3872 Ordinem
1196 3817 1317 3868 distrihu-

217 3907 295 3958 tionis
316 3908 441 3958 donorum
464 3906 589 3970 protunda
613 3906 738 3968 sapientia
754 3905 871 3970 exposuit
890 3906 1015 3957 Taulerus
1036 3907 1081 3960 0r.
1104 3907 1192 3958 111.1ρ
1211 3905 1315 3961 Pentcc.

216 3999 279 4044 tom.
300 3994 334 4043 11.
350 4009 375 4055 ρ.
394 3996 454 4046 138.
475 3995 524 4057 (ed.
540 3993 652 4044 Francos.
675 3991 760 4056 1826.)
819 4028 824 4036 ·

271 4079 298 4144 2)
318 4081 396 4145 liupo
419 4083 478 4133 Vtut.
496 4079 594 4132 Annot.
609 4080 708 4132 Elucid.
720 4081 747 4130 in
761 4080 867 4142 Dionys.
881 4079 1012 4133 Hierarch.
1036 4081 1052 4130 i.
1073 4079 1109 4132 11.
1124 4094 1144 4132 c.
1159 4080 1180 4130 I.
1198 4095 1223 4142 ρ.
1237 4079 1298 4130 Sit.

270 4167 295 4230 3)
315 4168 341 4218 S.
355 4168 506 4220 Bonuvent.
525 4169 543 4222 1.
562 4181 584 4218 c.
602 4168 706 4220 alcuin.
727 4168 759 4218 de
776 4168 819 4218 ild.
838 4167 881 4217 lib.
898 4167 933 4216 11.
953 4179 974 4216 c.
991 4167 1079 4218 xxu.
1098 4173 1158 4218 lom.
1177 4167 1197 4215 1.
1216 4180 1240 4228 ρ.
1252 4163 1315 4220 724.

270 4255 296 4318 d)
317 4254 355 4305 Gi.
376 4253 485 4318 Oetaeo.
502 4255 529 4306 iu
547 4255 630 4319 Epist.
648 4254 680 4306 ad
698 4255 776 4308 Rom.
795 4256 811 4306 1.
830 4255 874 4307 VI.
895 4269 920 4305 u.
942 4255 983 4306 13.
1001 4269 1026 4318 ρ.
1045 4252 1104 4305 592.

271 4341 297 4403 tt)
316 4342 343 4393 S.
360 4341 520 4416 ronanam.
531 4341 563 4392 dc
580 4348 645 4404 sept.
664 4341 722 4392 don.
742 4343 787 4407 Sp.
805 4357 826 4393 s.
846 4355 867 4392 c.
887 4341 907 4392 1.
926 4355 951 4404 p.
969 4340 1029 4393 226.

213 4461 216 4466 -
273 4429 299 4492 6)
319 4427 345 4480 S.
363 4429 498 4482 susara.
516 4428 542 4480 iu
561 4427 632 4480 Cant.
651 4429 747 4481 Cantic.
764 4431 845 4482 Serra.
867 4428 940 4482 Vlil.¹
