2910 4936
676 305 767 373 67-

146 509 246 577 161116,
274 500 444 563 deducatur.
486 497 586 573 Quum
613 505 764 582 praeterea
796 503 824 562 lu
846 504 924 563 omni
945 501 1020 563 bono
1040 507 1138 566 creato
1158 524 1243 587 repe·

146 590 261 650 riantur
282 585 427 658 deiectus,
450 585 500 662 qui
522 587 668 659 animum,
696 603 810 648 summe
831 586 992 667 perfectum
1014 587 1242 664 desiderantem,

147 671 308 750 repellunt3
330 669 394 744 ideo
414 687 511 745 neque
532 669 561 728 in
582 669 724 733 amicitia.
747 689 823 749 quae
842 670 1023 748 voluptatem
1045 672 1120 731 inter
1141 690 1242 734 omnes

148 754 367 817 nobilissimam.
390 752 490 824 alleri,
519 753 602 828 quies
627 754 787 831 reperitur,
820 754 896 830 quod
917 755 1028 814 amicus
1049 773 1067 814 a
1087 774 1191 818 manca
1212 759 1243 816 et

147 840 253 900 vitiosa
273 836 398 895 hominis
420 838 525 896 natura
539 838 660 895 vomuino
681 837 769 908 liber,
799 835 907 896 frustra
929 838 1089 915 quaeritur.
1124 838 1243 900 Solidis-

147 923 222 982 sima
244 921 407 992 intereunt,
428 923 605 979 evanescunt
627 921 796 991 certissima,
818 920 967 979 carissima
988 922 1165 998 eripiuntur;
1193 941 1242 984 res

147 1006 308 1076 mutantur,
330 1003 426 1064 anima
446 1003 509 1080 ipsa
528 1004 662 1062 varietati
684 1006 728 1062 est
749 1002 935 1086 obnoxia-'ao
956 1004 1073 1063 taudem
1094 1008 1127 1064 ut
1144 1007 1242 1067 omnia

146 1088 302 1162 relinquat,
324 1087 418 1145 morte
439 1087 559 1160 cogitur.
602 1085 634 1146 ln
656 1086 744 1146 rebus
772 1087 859 1162 igitur
888 1087 993 1146 creatis
1022 1089 1117 1147 anima
1139 1089 1242 1149 stabile

148 1191 205 1232 uon
232 1171 358 1241 invenit,
394 1187 452 1246 quo
482 1172 598 1228 aeterne
625 1169 778 1242 fulciatur,
814 1169 890 1246 quod
920 1187 974 1228 nee
1003 1168 1084 1230 iures
1113 1173 1239 1251 eripere,

149 1273 203 1316 nec
223 1255 301 1314 tinea
321 1253 442 1332 perdere
464 1254 564 1332 possit.
607 1253 687 1313 Deus
709 1251 788 1313 solus
804 1271 952 1312 summum
973 1251 1092 1329 bonum,
1113 1257 1143 1314 et
1157 1256 1241 1333 quid-

150 1337 218 1416 quid
240 1337 364 1409 bonum,
387 1337 415 1394 in
439 1335 501 1414 ipso
522 1336 640 1396 bouum.

210 1421 327 1499 Expetit
347 1422 498 1498 praeterea
520 1421 633 1492 anima,
656 1419 791 1497 quamvis
813 1437 900 1498 saepe
922 1420 1240 1498 16566656161,161161-

148 1511 235 1562 lctcm
251 1504 416 1581 perfectam.
445 1500 551 1562 Omnia
572 1507 715 1574 amantur,
738 1503 874 1579 quoniam
897 1507 947 1563 aut
968 1502 1041 1562 bona
1064 1505 1114 1563 aut
1135 1503 1240 1564 dulcia.

146 1585 259 1650 Verum
280 1587 443 1664 voluptates
471 1588 620 1659 terrenae,
650 1587 822 1665 plerumque
850 1588 968 1664 propter
995 1587 1182 1659 exiguitatem
1211 1590 1241 1646 et

146 1670 304 1736 exilitatem
327 1669 564 1741 contemnendae,
587 1687 644 1746 quo
665 1671 757 1745 magis
779 1672 931 1744 augentur,
953 1684 988 1725 eo
1009 1669 1090 1747 prius
1111 1669 1240 1729 taedium

146 1753 288 1826 ailerunt,
321 1770 354 1812 ao
383 1771 414 1812 se
436 1752 517 1832 ipsae
538 1754 623 1829 quasi
645 1752 808 1813 destruunt.
850 1752 979 1811 Tristitia
1000 1769 1068 1812 cum
1091 1752 1159 1830 ipsis
1181 1751 1242 1812 iere

146 1853 263 1916 semper
291 1837 414 1896 sociata:
442 1853 587 1896 summam
617 1837 756 1896 laetitiam
784 1837 901 1895 tristitia
928 1833 974 1895 rel
1002 1853 1117 1895 moeror
1145 1837 1242 1912 sequi-

145 1921 204 1991 tur,
229 1919 374 1979 interdum
397 1922 621 1990 concomitatur,
644 1921 738 1980 itaut
759 1922 861 1997 peetus
883 1918 998 1978 tristitia
1019 1921 1155 1978 onustum
1171 1937 1243 1994 gau·

146 2001 227 2063 dium
249 2003 381 2074 simulet,
404 2008 436 2061 ut
456 2004 580 2062 miserae
602 2021 672 2062 suae
694 2003 862 2062 conditionis
884 2001 1080 2062 obliviscatur.
1109 2004 1242 2079 Denique

146 2087 172 2146 si
194 2087 385 2164 cupiditatum
406 2089 523 2145 tuarum
544 2088 698 2164 imperium
721 2105 776 2144 non
795 2085 922 2155 obtines,
945 2103 1002 2162 quo
1023 2086 1157 2164 raperis?
1185 2085 1243 2146 Va·

145 2170 183 2228 rii
204 2187 259 2227 non
283 2171 379 2228 minus
400 2169 531 2240 61166165,
554 2188 641 2246 quam
664 2169 755 2230 nubes
777 2169 848 2228 coeli
870 2171 900 2226 et
921 2169 1015 2228 undae
1036 2171 1140 2240 maris,
1163 2187 1242 2229 com·

144 2251 245 2331 pulsae
267 2253 389 2312 diversis
410 2255 514 2311 11611115.
537 2254 715 2331 Perpetuum
737 2252 842 2312 mobile
864 2269 919 2310 non
942 2252 969 2310 in
991 2251 1080 2311 rebus
1102 2252 1240 2330 physicis,

144 2335 196 2394 sed
218 2336 246 2394 iu
269 2337 364 2396 anima
386 2337 539 2408 iuvenitur,
562 2338 681 2413 quaein
703 2336 818 2396 caducis
838 2333 1046 2411 fragilibusque
1066 2335 1154 2395 rebus
1175 2336 1240 2395 feli·
1262 2343 1265 2350 '

143 2419 263 2478 citatem
284 2419 406 2496 quaerit.
449 2415 600 2490 Quomodo
625 2421 698 2478 uitii
725 2421 802 2480 sitim
822 2418 979 2478 ardentem
1001 2418 1101 2477 sedare
1122 2419 1239 2496 potest?

144 2499 222 2561 Nihil
252 2504 296 2558 est
323 2502 351 2560 in
379 2501 482 2574 rebus,
512 2503 589 2578 quod
620 2505 710 2581 possit
737 2502 850 2581 replere
880 2505 1044 2560 creaturam
1066 2499 1174 2561 iactam
1202 2501 1239 2560 ad

145 2583 302 2656 imaginem
323 2583 387 2655 Dei,
409 2586 463 2644 nisi
485 2585 611 2645 charitas
633 2586 722 2658 Deus,
744 2587 812 2662 quia
834 2585 911 2644 solus
932 2584 1026 2660 major
1046 2584 1094 2643 illa
1115 2587 1159 2643 651
1168 2579 1201 2666 ¹).

207 2665 328 2726 Invento
356 2669 454 2727 autem
482 2668 543 2727 Deo
572 2671 684 2740 omnia,
713 2687 788 2745 quae
815 2667 977 2739 desiderat,
1005 2670 1101 2745 optat,
1129 2667 1237 2745 poscit,

141 2747 264 2822 obtinet,
286 2751 327 2810 ita
347 2753 381 2809 ut
401 2755 480 2810 recte
502 2751 533 2812 S.
555 2751 736 2827 Augustinus
758 2752 876 2811 dixerit:
899 2747 977 2821 Quid
998 2768 1074 2822 amo,
1096 2750 1238 2810 66111116-

142 2851 195 2894 um
216 2851 316 2894 meum
338 2852 420 2907 amo,
443 2839 521 2895 certe
542 2853 598 2894 non
621 2835 778 2905 exteriora,
802 2834 853 2893 sed
874 2851 940 2894 61116
963 2833 1108 2911 quandam
1131 2833 1237 2905 lucem,

142 2919 173 2976 et
195 2917 341 2995 quandam
369 2936 486 2990 vocem,
516 2922 546 2978 et
575 2919 718 2996 quendam
740 2918 873 2990 odorem,
905 2921 934 2977 et
956 2917 1099 2994 quendam
1122 2915 1236 2986 cibum,

143 3003 173 3060 61
195 3001 339 3076 quendam
361 3002 527 3079 amplexum
549 3003 691 3062 interioris
709 3001 832 3060 bominis
854 3002 926 3060 mei:
947 3000 997 3060 ubi
1019 2999 1109 3076 iulget
1124 3000 1237 3058 animae

142 3101 225 3145 meae
247 3083 353 3157 lumen,
376 3086 451 3162 quod
473 3103 528 3144 uon
551 3083 1058 3163 6661110665,61156661161116111,
1082 3082 1157 3159 quod
1180 3097 1236 3140 non

143 3167 219 3245 capit
240 3170 366 3246 tempuS,
388 3168 439 3228 ubi
460 3168 517 3227 olet
538 3169 616 3240 odor,
640 3186 727 3244 quem
749 3185 804 3226 uon
826 3169 934 3245 spargit
956 3166 1051 3238 116165,
1073 3165 1122 3226 ubi
1144 3163 1236 3236 cibus,

142 3268 232 3327 quem
252 3268 307 3309 nou
332 3252 437 3310 minuit
459 3251 601 3323 edacitas,
623 3251 673 3312 ubi
694 3252 795 3310 haeret
817 3247 982 3329 amplexus,
1005 3266 1092 3326 quem
1115 3266 1170 3307 non
1193 3247 1237 3305 di-

141 3332 222 3392 vellit
252 3335 385 3393 societas.
427 3333 509 3394 Haeo
548 3353 627 3407 amo,
660 3353 751 3411 quum
785 3334 880 3393 Deum
915 3351 1015 3393 meum
1048 3329 1154 3413 am02).
1196 3331 1236 3390 Et

141 3417 246 3474 unione
268 3417 314 3475 illa
337 3420 459 3489 ceritas,
488 3436 563 3494 quae
591 3417 691 3476 relicto
712 3417 774 3476 Deo
796 3417 984 3493 relinquitur,
1013 3417 1176 3475 restituitur
1205 3416 1235 3472 et

140 3503 340 3575 recuperatur.
383 3499 524 3560 Absoluta
546 3503 623 3560 enim
646 3502 769 3560 hominis
797 3519 814 3560 a
843 3501 904 3560 Deo
932 3499 1121 3576 dependentia
1142 3501 1233 3556 totam

141 3582 340 3655 existentiam,
381 3587 410 3642 et
442 3585 610 3642 existentiae
639 3585 835 3656 durationem,
876 3586 905 3642 et
935 3584 1078 3642 essentiae
1109 3580 1233 3640 sormam

140 3667 171 3723 et
192 3665 346 3741 qualitates
368 3684 384 3724 6
406 3667 469 3726 Deo
496 3669 613 3745 recipit,
642 3667 764 3746 utnibil
788 3667 841 3738 sit,
870 3667 925 3726 nisi
954 3667 1064 3725 aDeo.
1107 3664 1138 3723 Si
1165 3679 1234 3737 ergo

141 3765 206 3807 sese
229 3749 368 3807 annihilat
389 3767 486 3808 eoram
509 3750 570 3809 Deo
594 3749 737 3832 (humiliat
758 3749 811 3808 sub
834 3750 942 3827 potenti
964 3744 1154 3824 1116661161),
1177 3763 1233 3804 non

140 3831 325 3890 existentiam
346 3851 429 3891 suam
452 3832 539 3906 tollit,
570 3833 598 3890 in
629 3852 716 3910 quam
737 3831 784 3908 jus
806 3851 941 3892 exercere
964 3849 1018 3890 non
1042 3833 1153 3909 potest,
1183 3827 1233 3888 sed

140 3916 287 3992 propriam
309 3915 502 3988 voluntatem,
532 3933 620 3994 quam
642 3919 675 3975 ut
696 3916 793 3984 tollat,
825 3917 918 3975 officio
939 3917 1071 3986 tenetur,
1094 3916 1123 3972 et
1144 3913 1233 3972 libere

140 3997 348 4162 efficit,)quod
372 3998 517 4060 ,naturalis
551 4000 674 4060 conditio
707 3997 840 4076 postulat.
883 3999 976 4058 Amor
1002 3998 1155 4058 veritatem
1184 4014 1233 4056 re-

140 4081 276 4142 sticum.

139 4191 441 4206 ffl

193 4233 220 4294 1)
239 4233 267 4282 s.
283 4233 417 4283 Bernard.
436 4232 506 4282 Cant.
525 4233 596 4284 Cant.
614 4235 695 4283 Serui.
713 4231 810 4283 XVIII.
830 4246 856 4282 11.
874 4233 898 4282 1.

195 4318 222 4381 2)
242 4318 315 4370 Cani.
334 4319 378 4367 lib.
397 4318 430 4368 X.
448 4332 502 4382 cap.
522 4319 567 4370 111.

191 4401 218 4467 3)
237 4403 274 4455 Ct.
293 4404 320 4454 S.
339 4407 488 4457 1161160661.
506 4405 632 4466 Breviloq.
650 4405 678 4455 P.
697 4405 743 4455 lv.
762 4407 822 4456 61.
843 4421 867 4469 p.
886 4405 930 4458 82.
949 4409 1025 4468 (tom.
1045 4405 1088 4456 Vl.
1098 4407 1115 4465 1.

983 4499 1034 4561 5.
