2910 4936
747 312 770 384 c

210 512 269 568 tem
293 507 385 584 possit
407 505 579 579 ostendere,
612 523 700 584 quam
728 507 855 584 proiecto
874 524 979 582 nemo,
1012 509 1065 570 nisi
1084 508 1134 586 qui
1153 508 1249 583 sentit,
1269 509 1318 570 in·

208 591 320 668 telligit.
340 588 493 651 Vixnnbis
506 591 756 666 praemonendum
772 591 897 665 videtur,
918 591 1020 654 nonde
1040 592 1202 654 inordinato
1216 611 1317 654 amore

209 691 376 736 sermonem
395 691 469 746 esse,
490 674 537 739 cui
556 672 691 734 homines
705 673 793 734 dediti
815 677 903 748 sunt,
935 677 984 754 qui
1006 673 1153 737 Christum
1168 676 1318 737 deserue-

207 762 277 818 runt
295 761 325 818 et
342 758 491 836 passiones
507 757 640 833 propriae
657 760 752 818 carnis
769 762 948 836 sequuntur,
969 759 1021 820 sed
1041 759 1078 821 de
1091 759 1234 838 spirituali
1254 759 1317 835 iilo,

208 841 259 919 qui
274 839 356 901 solus
373 840 402 898 in
419 839 515 908 Deum
537 839 641 910 cadere
660 844 765 917 potest.

292 923 315 983 l.
336 921 390 982 Est
402 922 488 999 igitur
503 940 586 984 amor
601 921 809 1000 complacentia
825 922 902 998 boni,
923 926 985 986 sive
1000 925 1157 1004 propensio
1169 927 1316 1003 appetitus

207 1006 237 1066 in
253 1005 374 1068 bonum.
396 1004 449 1066 Est
462 1005 575 1084 primus
590 1009 686 1068 motus
702 1005 868 1080 voluntatis,
885 1008 1016 1068 omnium
1035 1008 1215 1086 reliquorum
1230 1008 1317 1070 allec·

207 1093 291 1150 tuum
308 1090 481 1166 principium
499 1092 530 1149 et
544 1089 644 1160 radix,
667 1088 801 1150 omnibus
820 1089 857 1150 ad
880 1093 976 1150 omnia
996 1092 1148 1168 ingenitus,
1171 1094 1203 1151 ut
1218 1089 1317 1152 Plato·

208 1173 289 1232 nicus
312 1171 363 1232 ille
385 1170 533 1233 Phaedrus
548 1174 597 1232 ait
629 1171 683 1232 Est
700 1170 858 1234 vehemens
879 1178 908 1234 et
929 1172 1003 1234 bene
1021 1174 1152 1235 ordinata
1170 1173 1315 1244 voluntas,

207 1256 241 1316 ut
262 1255 346 1316 docet
367 1251 544 1316 Guillelmus
566 1253 714 1334 Abbas²).
757 1254 811 1316 Est
840 1257 884 1317 vis
911 1257 1024 1318 animae
1048 1257 1171 1320 naturali
1187 1259 1316 1336 quodam

138 1367 144 1373 «
207 1337 335 1416 pondera
354 1337 451 1398 ferens
469 1356 533 1398 eam
549 1338 579 1397 in
600 1336 688 1397 finem
706 1356 793 1398 suum
810 1337 890 1416 juxta
905 1338 998 1400 illud:
1029 1339 1123 1400 Amor
1140 1358 1224 1401 meus
1243 1358 1316 1418 pon-

82 1425 86 1430 ’
207 1420 262 1482 dus
281 1438 389 1494 meum,
412 1419 463 1483 illo
481 1420 567 1490 ieror,
590 1438 766 1499 quocunque
784 1419 904 1504 ter0r2).
946 1423 1001 1484 Est
1025 1423 1167 1483 connexio
1190 1427 1220 1484 et
1242 1426 1317 1482 vin-
1439 1413 1440 1424 ’

206 1503 318 1578 culum,
339 1523 398 1582 quo
409 1522 507 1565 rerum
528 1505 701 1566 universitas
717 1504 851 1566 ineffabili
867 1506 989 1567 amicitia
1009 1510 1037 1566 et
1051 1505 1196 1566 insolubili
1209 1508 1316 1567 unione

206 1588 375 1664 copulatur,
408 1592 441 1648 ut
459 1607 494 1650 ex
518 1585 634 1667 hymnis
651 1585 801 1650 Hierotbei
831 1589 1121 1666 magnusllionysius
1139 1587 1316 1669 Aeropagita
1377 1601 1379 1604 ·
1439 1577 1440 1586 ’

205 1674 415 1731 commemorat
426 1669 464 1748 ³).
507 1670 561 1730 Est
578 1669 702 1731 circulus
723 1671 932 1748 sempiternus,
965 1670 1023 1731 fine
1041 1674 1071 1732 et
1093 1672 1236 1749 principio
1258 1689 1316 1732 ca-

206 1771 274 1814 rens
291 1758 409 1832 propter
426 1752 544 1826 bonum,
565 1773 600 1814 ex
616 1752 701 1827 bono,
722 1754 751 1814 in
768 1754 877 1816 bonum
890 1758 920 1814 et
935 1754 971 1815 ad
993 1754 1102 1820 bonum
1120 1754 1315 1816 indeclinabili
1439 1749 1440 1814 j

206 1837 396 1900 conversione
414 1839 600 1910 circumiens,
633 1839 661 1897 in
681 1837 800 1910 eodem,
828 1843 856 1898 et
884 1837 1044 1898 secundum
1057 1838 1136 1898 idem
1153 1842 1182 1898 et
1203 1856 1316 1916 proce-

148 1947 153 1954 ·
206 1921 278 1982 dens
300 1939 418 1999 semper
443 1923 473 1980 et
495 1939 615 1980 manens
643 1925 673 1980 et
695 1939 838 1981 remeans.
881 1918 1028 1998 Quidquid
1053 1923 1081 1982 in
1106 1925 1196 1982 sacris
1215 1921 1314 1994 literis,

206 2004 347 2084 quidquid
364 2003 488 2064 inlibris
506 2003 675 2066 Sanctorum
687 2005 859 2077 continetur,
881 2010 930 2065 aut
946 2023 1029 2066 amor
1047 2009 1099 2075 est,
1122 2008 1173 2065 aut
1191 2006 1316 2083 pertinet

133 2108 138 2114 ·
205 2089 241 2148 nd
272 2083 446 2165 amorem⁴).
488 2085 561 2148 Tres
587 2087 697 2148 amoris
712 2087 818 2166 gradus
835 2091 950 2148 annotat
971 2088 1001 2149 S.
1022 2085 1152 2148 Thomas
1163 2085 1193 2160 ⁸)
1216 2091 1246 2149 et
1256 2106 1315 2150 se-

205 2188 298 2251 quens
316 2187 385 2230 eum
405 2169 436 2231 S.
458 2167 706 2242 Boaaventurai).

287 2250 377 2312 Amor
395 2252 464 2314 dicit
476 2251 639 2330 simplicem
652 2251 867 2316 inclinationem
880 2253 999 2315 allectus
1018 2254 1047 2314 in
1062 2258 1213 2330 amatum,
1235 2251 1314 2315 unde

206 2337 293 2398 etiarn
318 2336 493 2415 quandoque
520 2336 683 2415 passionem
702 2337 784 2409 dicit,
805 2339 835 2397 in
859 2340 999 2416 quantum
1016 2341 1061 2398 est
1073 2340 1101 2398 in
1124 2340 1205 2414 parte
1223 2339 1316 2398 sensi·

204 2422 274 2492 tiva,
296 2420 383 2480 etsie
399 2438 481 2482 amor
502 2421 589 2480 etiam
605 2421 634 2479 in
647 2419 861 2482 irrationalibus
882 2421 1035 2482 invenitur.
1077 2419 1200 2481 Dilectlo
1216 2423 1317 2482 autem

205 2506 415 2583 praesupponit
428 2505 609 2576 electionem,
631 2504 706 2564 sicut
719 2519 825 2564 nomen
842 2504 939 2580 ipsum
955 2505 1090 2577 ostendit,
1113 2503 1189 2565 unde
1202 2506 1317 2564 tantum

205 2586 418 2648 rationabilium
441 2592 495 2648 est
538 2586 595 2649 Sed
619 2583 754 2648 Claritas
776 2588 856 2666 ponit
872 2586 1016 2663 quandam
1030 2587 1243 2648 vehementiam
1269 2587 1315 2647 dl-

205 2669 357 2743 lectionls,
390 2672 582 2748 inquantum
605 2669 742 2731 dilectum
769 2670 823 2732 sub
847 2669 1048 2730 inaestimabili
1076 2671 1170 2750 pretio
1186 2667 1319 2744 habetur,

206 2753 397 2831 quamobrem
426 2772 474 2816 res
497 2753 580 2814 multi
604 2754 689 2831 pretii
721 2771 804 2813 carae
821 2753 964 2814 dicuntur.
1008 2752 1129 2814 Diversa
1146 2756 1190 2812 est
1211 2754 1321 2830 itaque,

205 2838 230 2900 si
244 2836 279 2898 D.
300 2836 445 2899 Thomam
466 2839 632 2916 sequimur,
670 2837 798 2898 ebaritas
825 2837 861 2897 ab
877 2854 976 2897 amore
992 2840 1021 2896 et
1045 2837 1075 2896 υἱ
1098 2838 1231 2918 affectas,
1268 2836 1321 2913 qui

205 2920 286 2982 illam
297 2921 461 2996 comitatur,
482 2925 511 2982 et
527 2921 664 2988 distincta
676 2920 824 2998 apraeaa'a
840 2919 980 2993 electione,
1003 2937 1079 2998 quae
1096 2919 1189 2982 amori
1200 2920 1320 2998 proprie

206 3005 285 3066 dicto
299 3005 380 3064 deest
392 3002 431 3078 ²).
527 3046 530 3048 -

292 3083 435 3163 Quamvis
463 3091 560 3150 autem
583 3085 706 3148 charitas
732 3103 862 3147 amorem
881 3085 965 3164 longe
990 3083 1158 3159 antecellat,
1185 3083 1319 3164 ejusdem

206 3175 303 3232 tamen
321 3176 365 3232 est
386 3177 505 3235 naturae
532 3174 561 3230 et
580 3170 715 3242 rationis;
747 3174 778 3230 et
792 3167 931 3248 signifieat
953 3167 1103 3241 allectum,
1132 3186 1191 3245 quo
1206 3169 1235 3228 in
1253 3185 1320 3230 rem

206 3271 383 3329 movemur,
405 3256 487 3334 cujus
513 3271 580 3314 cum
604 3258 701 3314 nostra
723 3257 823 3314 natura
842 3253 1039 3313 convenientia
1062 3250 1214 3312 allicimur.
1257 3252 1318 3314 Res

206 3335 311 3397 absens
337 3336 516 3401 desideratur
529 3355 630 3396 amore
656 3335 917 3416 concupiscentiae,
944 3335 1136 3412 inpraesenti
1157 3336 1319 3413 requiesci-

206 3437 274 3482 mus
292 3423 330 3514 εἰ
337 3419 514 3485 delectamur
531 3419 752 3498 complacentiae
773 3437 890 3492 smeret
911 3419 1018 3480 sivero
1030 3416 1317 3480 amatisolummodo

223 3575 512 3591 m

242 3656 268 3720 1)
287 3654 346 3712 Lib,
359 3649 392 3703 de
408 3649 500 3702 Amor.
515 3662 536 3700 a.
551 3649 611 3702 vn.

241 3743 269 3806 2)
286 3745 314 3796 s.
332 3743 400 3807 Aac.
419 3738 493 3793 Cant.
510 3737 586 3794 xm,
603 3738 630 3790 s.

242 3828 270 3887 a)
288 3831 328 3882 lie
343 3829 423 3880 divin.
439 3839 545 3882 nomo.
559 3825 606 3878 tv.
679 3841 680 3844 ¹
738 3889 742 3896 ἱ

241 3913 269 3977 t)
287 3916 367 3966 toan.
388 3916 469 3967 Bana
484 3913 527 3965 via
541 3910 676 3978 compend,
692 3911 725 3962 ad
740 3912 824 3964 Deum
843 3922 866 3963 c.
883 3909 943 3964 XX.
958 3923 985 3962 n.
1001 3907 1025 3965 l.
1041 3909 1137 3976 p.170.

241 3999 269 4062 a)
287 4000 316 4055 P.
330 4001 352 4052 1.
376 4002 410 4052 Ι).
427 4000 474 4052 xi.
490 4001 586 4064 Expos.
602 4000 663 4051 Litt.

241 4085 268 4148 d)
286 4087 318 4138 ln
334 4087 347 4138 l
365 4087 434 4137 Sent.
451 4087 486 4139 X.
506 4087 575 4138 Dub.
592 4085 614 4136 l.

241 4173 269 4236 7)
288 4173 406 4226 ebaritas
419 4179 463 4224 est
476 4185 548 4225 amor
565 4173 711 4232 honestus,
729 4171 774 4234 qui
791 4170 823 4221 nd
843 4183 903 4224 eum
925 4171 1003 4222 tinem
1024 4169 1157 4234 dirigitur,
1183 4168 1217 4222 ad
1234 4182 1327 4233 quem·

191 4259 314 4326 opertet.
351 4260 432 4326 Harpa
454 4260 517 4313 Vtct.
542 4259 642 4310 Summ.
661 4258 775 4311 Sentent.
793 4257 877 4310 Tract
891 4259 938 4312 lv.
952 4271 975 4310 c.
993 4258 1066 4311 vt11.
1081 4271 1106 4322 p.
1120 4254 1179 4310 329.
1196 4257 1223 4320 (t.
1240 4256 1312 4321 nt).

207 4349 246 4402 De
271 4347 337 4400 talea
358 4345 470 4410 quadam
492 4346 559 4398 inter
581 4345 745 4398 dilectionem
774 4351 799 4398 et
815 4345 963 4398 charitatem
981 4344 1145 4398 distinctione
1160 4343 1219 4399 vids
1233 4343 1312 4399 eund.

207 4433 239 4488 ds
250 4434 364 4488 Samum.
380 4431 412 4485 Ρ.
428 4431 505 4486 xm.
521 4443 545 4484 c.
560 4432 625 4488 xil.
638 4445 663 4496 p.
679 4430 732 4486 ace
746 4444 787 4496 sq.
799 4430 853 4499 (ad.
869 4431 998 4496 darcon.)
